# This file is to be use for biblio purposes 
# Use 'ln -s' to create a link
# Perso

@article {jcp.143.034504,
  author = {Bouzid, A., Le Roux, S. and Ori, G. and Boero, M. and Massobrio, C.},
  journal = "\jcp",
  volume = 143,
  number = 3,
  pages = "034504",
  year = 2015,
  doi = {10.1063/1.4926830}
}

@article {jcp.145.084502,
  author = "Le Roux, S. and Bouzid, A. and Kim, K.~Y. and Han, S. and Zeidler, A. and Salmon, P.~S. and Massobrio, C.",
  journal = "\jcp",
  volume = 145,
  number = 8,
  pages = "084502",
  year = 2016,
  doi = {10.1063/1.4961265}
}

@article{ jcp.143.114308,
   author = "{\"O}zdamar, B. and Boero, M. and Massobrio, C. and Felder-Flesch, D. and Le Roux, S.",
   journal = "\jcp",
   year = 2015,
   volume = 143,
   number = 11, 
   pages = "114308"
}

@book{ springer.mdsdm.2015,
   author = "Boero, M. and Bouzid, A. and Le Roux, S. and {\"O}zdamar, B. and Massobrio, C.",
   title = "Molecular Dynamics Simulations of Disordered Materials: From Network Glasses to Phase-Change Memory Alloys",
   year = 2015,
   publisher = "Springer",
   pages = "35-55"
}

@article{ PhysRevB.84.054201,
  author = "Bauchy, M. and Micoulaut, M. and Celino, M. and Le Roux, S. and Boero, M. and Massobrio, C.",
  journal = "\prb",
  volume = 84,
  issue = 5,
  pages = "054201",
  numpages = 9,
  year = 2011,
  doi = "10.1103/PhysRevB.84.054201",
  publisher = "\aps"
}

@article{ cpl.547-30,
  author = "Sykina, K. and Furet, E. and Bureau, B. and Le Roux, S. and Massobrio, C.",
  journal = "\cpl",
  volume = 547,
  number = "0",
  pages = "30-34",
  year = 2012,
  doi = "10.1016/j.cplett.2012.07.077"
}

@Article{ divers1,
  author = "{\em Parts of the results have already been published in:} and Le Roux, S. and Jund, P.",
  journal = "\jpcm",
  volume = 19,
  number = 19,
  pages = "169102",
  year = 2007
}

@Article{ divers2,
  author = "{\em Parts of the results have already been published in:} and Blaineau, S. and Jund, P.",
  journal = "\prb",
  year = 2006,
  volume = 74,
  number = 18,
  pages = "054203",
  publisher = "\aps"
}

@article{ JPCM-19.196102-2007,
  author = "Le Roux, S. and Jund, P.",
  journal = "\jpcm",
  volume = 19,
  number = 19,
  pages = "169102",
  year = 2007
}

@article{ ICMAB-2007,
  author = "Ordej\'on, P. and I\~n\'iguez, J. and Le Roux, S.",
  journal = "Communication interne",
  year = 2007
}

@PHDTHESIS{ LE_ROUX-2008,
  author = "Le Roux, S.",
  school = "Universit{\'e} de Montpellier 2",
  year = 2008
}

@article{ RINGS,
  author = "Le Roux, S. and Jund, P.",
  journal = "\cms",
  volume = 49,
  pages = "70-83",
  year = 2010
}

@Article{ RINGS2,
  author = "Le Roux, S. and Jund, P.",
  journal = "\cms",
  volume = 50,
  pages = 1217,
  year = 2011
}

@Article{ ISAACS,
  author = "Le Roux, S. and Petkov, V.",
  journal = "\jac",
  volume = 43,
  pages = "181-185",
  year = 2010
}

@Article{ PhysRevB.84.134203,
  publisher = "\aps",
  author = "Le Roux, S. and Zeidler, A. and Salmon, P.~S. and Boero, M. and Micoulaut, M. and Massobrio, .C",
  year = 2011,
  pages = "134203",
  volume = 84,
  journal = "\prb",
  issue = 13,
  numpages = {13},
  doi = {10.1103/PhysRevB.84.134203}
}

@Article{ unpublished,
  author = "Le Roux, S. and Massobrio, C.",
  journal = "unpublished results",
  year = 2011
}

@Article{ jcp.size.2012,
  publisher = "American Institute of Physics",
  author = "Micoulaut, M. and Le Roux, S. and Massobrio, C.",
  year = 2012,
  pages = "22450",
  volume = 136,
  journal = "\jcp"
}

@Article{ PhysRevB.86.224201,
  publisher = "\aps",
  author = "Le Roux, S. and Bouzid, A. and Boero, M. and Massobrio, C.",
  year = 2012,
  pages = "224201",
  volume = 86,
  journal = "\prb"
}

@Article{ PhysRevB.88.054203,
  publisher = "\aps",
  author = "Micoulaut, M. and Kachmar, A. and Bauchy, M. and Le Roux, S. and Massobrio, C. and Boero, M. ",
  year = 2013,
  pages = "054203",
  volume = 88,
  journal = "\prb"
}


@Article{ PhysRevB.88.174201,
  author = "Celino, M. and Le Roux, S. and Ori, G. and Coasne, B. and Bouzid, A. and Boero, M. and Massobrio, C.",
  journal = "\prb",
  volume = 88,
  issue = 17,
  pages = "174201",
  year = 2013,
  publisher = "\aps",
  doi = {10.1103/PhysRevB.88.174201}
}

@Article{ Jcp.138.174505,
  author = "Le Roux, S. and Bouzid, A. and Boero, M. and Massobrio, C.",
  year = 2013,
  pages = "174505",
  volume = 138,
  number = 17,
  journal = "\jcp"
}

# Carlo's

@Article {PCCP.18.13449,
  author ="Ori, G. and Massobrio, C. and Pradel, A. and Ribes, M. and Coasne, B.",
  journal = "\pccp",
  year  = 2016, 
  volume  = 18,
  issue  = 19,
  pages  = "13449-13458",
  publisher  ="The Royal Society of Chemistry",
  doi  ="10.1039/C6CP00467A"
}

@article{ Lang.31.6742,
  author = "Ori, G. and Massobrio, C. and Pradel, A. and Ribes, M. and Coasne, B.",
  journal = "\lan",
  volume = 31,
  number = 24,
  pages = "6742-6751",
  year = 2015,
  doi = {10.1021/acs.langmuir.5b00982}
}


@article{ PhysRevB.90.045423,
  author = "Ori, G. and Massobrio, C. and Bouzid, A. and Boero, M. and Coasne, B.",
  journal = "\prb",
  volume = 90,
  issue = 4,
  pages = "045423",
  year = 2014,
  publisher = "\aps",
  doi = {10.1103/PhysRevB.90.045423}
}

@Article{ PhysRevB.90.054206,
  author = "Wezka, K. and Bouzid, A. and Pizzey, K. J. and Salmon, P.~S. and Zeidler, A. and Klotz, S. and Fischer, H.~E. and Bull, C.~L. and Tucker, M.~G. and Boero, M. and Le Roux, S. and Tug\`ene, C. and Massobrio, C.",
  journal = "\prb",
  volume = 90,
  issue = 5,
  pages = "054206",
  year = 2014,
  publisher = "\aps",
  doi = {10.1103/PhysRevB.90.054206},
}

@Article{ pccp.16.17975,
  author = "Sykina, K. and Bureau, B. and Le Polles, L. and Roiland, C. and Deschamps, M. and Pickard, C.~J. and Furet, E.",
  journal  = "\pccp"
  year  = 2014,
  volume  = 16,
  issue  = 33,
  pages  = "17975-17982",
  publisher  ="The Royal Society of Chemistry",
  doi  ="10.1039/C4CP01486C"
}

@Article { jncs.319.145,
  author = "Bureau, B. and Troles, J. and Le Floch, M. and Gu\'{e}not, P. and Smektala, F. and Lucas, J.",
  journal = "\jncs",
  volume = 319,
  pages = "145",
  year = 2003
}

@Article{C7CP01063J,
  author ="Bouzid, A. and Zaoui, H. and Palla, P.~L. and Ori, G. and Boero, M. and Massobrio, C. and Cleri, F. and Lampin, E.",
  journal  ="\pccp",
  year  = 2017,
  volume  = 19,
  issue  = 15,
  pages  ="9729-9732",
  publisher  ="The Royal Society of Chemistry",
  doi  ="10.1039/C7CP01063J"
}

@Article{ PhysRevB.92.134208,
  author = "Bouzid, A. and Massobrio, C. and Boero, M. and Ori, G. and Sykina, K. and Furet, E.",
  journal = "\prb",
  volume = 92,
  issue = 13,
  pages = "134208",
  year = 2015,
  publisher = "\aps",
  doi = {10.1103/PhysRevB.92.134208}
}

@Article{ PhysRevB.93.014202,
  author = "Bouzid, A. and Pizzey, K.~J. and Zeidler, A. and Ori, G. and Boero, M. and Massobrio, C. and Klotz, S. and Fischer, H.~E. and Bull, C.~L. and Salmon, P.~S.",
  journal = "\prb",
  volume = 93,
  pages = "014202",
  year = 2016,
  publisher = "\aps",
  doi = {10.1103/PhysRevB.93.014202},
}

@Article{ PhysRevLet.90-125502,
  author = "Celino, M. and Massobrio, C.",
  journal = "\prl",
  volume = 90,
  number = 12,
  pages = "125502",
  year = 2003,
  publisher = "\aps"
}

@Article{ PhysRevLett.80.2342,
  author = "Massobrio, C. and Pasquarello, A. and Car, R.",
  journal = "\prl",
  volume = 80,
  number = 11,
  pages = "2342-2345",
  numpages = 3,
  year = 1998,
  doi = {10.1103/PhysRevLett.80.2342},
  publisher = "\aps"
}

@Article{ PhysRevB.82.020202,
  author = "Kibalchenko, M. and Yates, J.~R. and Massobrio, C. and Pasquarello, A.",
  year = 2010,
  journal = "\prb",
  volume = 82,
  pages = "020202(R)",
  publisher = "\aps"
}

@Article{ PhysRevB.79.214205,
  author = "Micoulaut, M. and Vuilleumier, R. and Massobrio, C.",
  year = 2009,
  journal = "\prb",
  volume = 79,
  number = 21,
  numpages = 9,
  pages = "214205",
  publisher = "\aps"
}

@Article{ PhysRevB.79.174201,
  author = "Massobrio, C. and Celino, M. and Salmon, P.~S. and Martin, R.~A. and Micoulaut, M. and Pasquarello, A.",
  journal = "\prb",
  volume = 79,
  number = 17,
  pages = "174201",
  numpages = 8,
  year = 2009,
  publisher = "\aps"
}

@Article{ PhysRevB.77.144207,
  author = "Massobrio, C. and Pasquarello, A.",
  year = 2008,
  journal = "\prb",
  volume = 77,
  number = 14,
  numpages = 10,
  pages = "144207",
  publisher = "\aps"
}

@Article{ PhysRevB.75.174207,
  author = "Giacomazzi, L. and Massobrio, C. and Pasquarello, A.",
  journal = "\prb",
  volume = 75,
  number = 14,
  pages = "174207",
  numpages = 14,
  year = 2007,
  publisher = "\aps"
}

@Article{ jpcm.23.295401,
  author = "Giacomazzi, L. and Massobrio, C. and Pasquarello, A.",
  journal = "\jpcm",
  volume = 23,
  pages = "295401",
  year = 2011,
}

@Article{ PhysRevB.75.014206,
  author = "Massobrio, C. and Pasquarello, A.",
  year = 2007,
  journal = "\prb",
  volume = 75,
  number = 1,
  numpages = 4,
  pages = "014206",
  doi = {10.1103/PhysRevB.75.014206},
  publisher = "\aps"
}

@Article{ PhysRevB.70.174202,
  author = "Massobrio, C. and Celino, M. and Pasquarello, A.",
  journal = "\prb",
  volume = 70,
  number = 17,
  pages = "174202",
  numpages = 6,
  year = 2004,
  doi = {10.1103/PhysRevB.70.174202},
  publisher = "\aps"
}

@Article{ PhysRevB.68.020201,
  author = "Massobrio, C. and Pasquarello, A.",
  journal = "\prb",
  volume = 68,
  number = 2,
  pages = "020201",
  numpages = 4,
  year = 2003,
  publisher = "\aps"
}

@Article{ PhysRevB.64.144205,
  author = "Massobrio, C. and Pasquarello, A. and Car, R.",
  journal = "\prb",
  volume = 64,
  number = 14,
  pages = "144205",
  numpages = 12,
  year = 2001,
  publisher = "\aps"
}

@Article{ PhysRevB.58.R14661,
  author = "Haye, M.~J. and Massobrio, C. and Pasquarello, A. and De Vita, A. and De Leeuw, S.~W. and Car, R.",
  journal = "\prb",
  volume = 58,
  number = 22,
  pages = "R14661",
  numpages = 4,
  year = 1998,
  publisher = "\aps"
}

@Article{ Jpcm-12-46-102,
  author = "Massobrio, C. and van Roon, F.~H.~M. and Pasquarello, A. and de Leeuw, S.~W.",
  journal= "\jpcm",
  volume = 12,
  number = 46,
  pages= "L697",
  year = 2000
}

@Article{ jcp.111.6787,
  author = "Billas, I.~M.~L. and Massobrio, C. and Boero, M. and Parrinello, M. and Branz, W. and Tast, F. and Malinowski, N. and Heinebrodt, N. and Martin, T.~P.",
  year = 1999,
  journal = "\jcp",
  volume = 111,
  pages = "6787",
}

@Article{ pccp.14.12701,
  author = "Wilson, M.",
  journal  = "\pccp",
  year  = 2012,
  volume  = 14,
  issue  = 37,
  pages  ="12701-12714",
  publisher  ="The Royal Society of Chemistry",
  doi  ="10.1039/C2CP41644A"
}

@Article{ jcp.128.244505,
  author = "Wilson, M. and Sharma, B.~K. and Massobrio, C.",
  year = 2008,
  journal = "\jcp",
  volume = 128,
  number = 24,
  numpages = 7,
  pages = "244505",
  doi = {10.1063/1.2938858}
}

@Article{ jcp.113.5425,
  author = "van Roon, F.~H.~M. and Massobrio, C. and de Wolff, E. and de Leeuw, S.~W.",
  year = 2000,
  journal = "\jcp",
  volume = 113,
  number = 13,
  numpages = 7,
  pages = "5425",
}

@Article{ jcp.114.7976,
  author = "Massobrio, C. and Pasquarello, A.",
  year = 2001,
  journal = "\jcp",
  volume = 114,
  number = 18,
  pages = "7976-7979",
  doi = {10.1063/1.1365108}
}

@Article{ jcp.137.046101,
  author = "Bouzid, A. and Massobrio, C.",
  journal = "\jcp",
  volume = 137,
  pages = "046101",
  year = 2012
}

@Article{ PhysRevB.91.184201,
   author = {Bouzid, A. and Gabardi, S. and Massobrio, C. and Boero, M. and Bernasconi, M.},
   journal = "\prb",
   volume = 91,
   issue = 18,
   pages = "184201",
   year = 2015,
   publisher = "\aps"
}

@Article{ jpcm.15.s1537,
   author = "Massobrio, C. and Celino, M. and Pasquarello, A.",
   journal = "\jpcm",
   volume = 15,
   pages = "S1537",
   year = 2003,
}

@Article{ jacs.121.2943,
  author = "Massobrio, C. and Pasquarello, A. and Car, R.",
  journal = "\jacs",
  volume = 121,
  number = 12,
  pages = "2943-2944",
  year = 1999,
  doi = {10.1021/ja9808447}
}

@Article{ Joam.12.1897,
  author = "Micoulaut, M. and Massobrio, C.",
  journal = "\joam",
  volume = 11,
  pages = "1907-1914",
  year = 2009
}

@Article{ Ssc.12.199,
  author = "Massobrio, C. and Micoulaut, M. and Salmon, P.~S.",
  journal = "\sss",
  volume = 12,
  number = 2,
  pages = "199-203",
  year = 2010
}

@Article{ jcp.128.244505,
  author = "Wilson, M. and Sharma, B.~K. and Massobrio, C.",
  year = 2008,
  journal = "\jcp",
  volume = 128,
  number = 24,
  numpages = 7,
  pages = "244505",
  doi = {10.1063/1.2938858}
}

@Article{ jcp.113.5425,
  author = "van Roon, F.~H.~M. and Massobrio, C. and de Wolff, E. and de Leeuw, S.~W.",
  year = 2000,
  journal = "\jcp",
  volume = 113,
  number = 13,
  numpages = 7,
  pages = "5425",
}

@Article{ jpcc.115.7755,
  author = "Kibalchenko, M. and Yates, J.~R. and Massobrio, C. and Pasquarello, A.",
  year = 2011,
  journal = "\jpc\ C",
  volume = 115,
  number = 15,
  pages = "7755-7759"
}

# Phil's

@Article{ jpcm.24.502101,
  author = "Wezka, K. and Salmon, P.~S. and Zeidler, A. and Whittaker, D.~A.~J. and Drewitt, J.~W.~E. and Klotz, S. and Fischer, H.~E. and Marrocchelli, D.",
   journal = "\jpcm",
   volume = 24,
   pages = "502101",
   year = 2012
} 

@Article{ prb.90.024206,
   author = "Zeidler, A. and Wezka, K. and Whittaker, D.~A.~J. and Salmon, P.~S. and Baroni, A. and and Klotz, S. and Fischer, H.~E. and Wilding, M.~C. and Bull, C.~L. and Tucker, M.~G. and Salanne, M. and Ferlat, G. and Micoulault, M.",
   journal = "\prb",
   volume = 90,
   pages = "024206",
   year = 2014,
   publisher = "\aps"
}
 
 @Article{ PhysRevLett.113.135501,
   author = "Zeidler, A. and Wezka, K. and Rowlands, R.~F. and Whittaker, D.~A.~J. and Salmon, P.~S. and Polori, A. and Drewitt, J.~W.~E. and Klotz, S. and Fischer, H.~E. and and Wilding, M.~C. and Bull, C.~L. and Tucker, Wilson, M.",
   journal = "\prl",
   volume = 113,
   issue = 13,
   pages = {135501},
   year = 2014,
   publisher = "\aps",
   doi = {10.1103/PhysRevLett.113.135501}
}

@Article{ PhysRevLett.84.2413,
  author = "Petri, I. and Salmon, P.~S. and Fischer, H.~E.",
  journal = "\prl",
  volume = 84,
  issue = 11,
  pages = "2413-2416",
  year = 2000,
  doi = {10.1103/PhysRevLett.84.2413},
  publisher = "\aps"
}

@article{ PRL.80.532,
  author="Wilson, M. and Madden, P.~A.",
  journal="\prl",
  volume=80,
  number=3,
  pages="532",
  year= 1998,
  publisher = "\aps"
}

@Article{ PhysRevLett.103.157801,
  author = "Wilson, M. and Salmon, P.~S.",
  journal = "\prl",
  volume = 103,
  issue = 15,
  pages = "157801",
  year = 2009,
  doi = {10.1103/PhysRevLett.103.157801},
  publisher = "\aps"
}

@Article{ nat.salmon.435-75,
  author = "Salmon, P.~S. and Martin, R.~A. and Mason, P.~E. and Cuello, G.~J.",
  journal = "\nat",
  year = 2005,
  volume = 435,
  number = 7038,
  pages = "75-78",
  publisher = "NATURE PUBLISHING GROUP",
  doi = {10.1038/nature03475}
}

@Article{ 2002.pcg.43c.185,
  author = "Petri, I. and Salmon, P.~S.",
  journal = "\pcg",
  year = 2002,
  volume = "43C",
  pages = "185"
}

@Article{ 2001JNCS..293295.169,
  author = "Petri, I. and Salmon, P.~S.",
  journal = "\jncs",
  year = 2001,
  volume = "293-295",
  pages = "169-174"
}

@Article{ 2007JNCS..353.2959S,
  author = "Salmon, P.~S.",
  journal = "\jncs",
  year = 2007,
  volume = 353,
  pages = "2959-2974"
}

@article{ JPCM.11.10219,
  author="Petri, I. and Salmon, P.~S. and Howells, W.~S.",
  journal="\jpcm",
  volume=11,
  number =50,
  pages= "10219",
  year = 1999,
  publisher = {IOP Publishing}
}

@Article{ Jpcm.6-1449,
  author = "Salmon, P.~S. and Liu, J.",
  journal = "\jpcm",
  volume = 6,
  pages = "1449",
  year = 1994
}

@Article{ Jpcm.15.S1509,
  author = "Salmon, P.~S. and Petri, I.",
  journal = "\jpcm",
  volume = 15,
  pages = "S1509",
  year = 2003
}

@Article{ Jpcm.11.7051,
  author = "Petri, I. and Salmon, P.~S. and Fischer, H.~E.",
  journal = "\jpcm",
  volume = 11,
  pages = "7051",
  year = 1999
}

@Article{ PhysRevLett.67.97,
  author = "Penfold, I.~T. and Salmon, P.~S.",
  journal = "\prl",
  volume = 67,
  number = 1,
  pages = "97",
  year = 1991,
  doi = {10.1103/PhysRevLett.67.97},
  publisher = "\aps"
}

@Article{ prslA.437.591,
  author = "Salmon, P.~S.",
  journal = "\procrsl\ A",
  volume = 437,
  number = 1901,
  pages = "591-606",
  year = 1992,
  doi = {10.1098/rspa.1992.0081}
}

@Article{ prslA.445.351,
  author = "Salmon, P.~S.",
  journal = "\procrsl\ A",
  volume = 445,
  number = 1924,
  pages = "351-365",
  year = 1994
}

@Article{ JPF.18.2345,
  author = "Salmon, P.~S.",
  journal = "J. Phys. F: Metal Phys.",
  volume = 18,
  pages = "2345-2352",
  year = 1988
}

@Article{ JNCS.250.405,
  author = "Petri, I. and Salmon, P.~S. and Fischer, H.~E.",
  journal = "\jncs",
  volume = "250-252",
  pages = "405-409",
  year = 1999
}

@Article{ JPCM.2.233,
  author = "Penfold, I.~T. and Salmon, P.~S.",
  journal = "\jpcm",
  volume = 2,
  pages = "SA233-SA237",
  year = 1990
}

@Article{ JPCM.24.415102,
  author = "Salmon, P.~S. and Drewitt, J.~W.~E. and Whittaker, D.~A.~J. and Zeidler, A. and Wezka, K. and Bull, C.~L. and Tucker, M.~G. and Wilding, M.~C. and Guthrie, M. and Marrocchelli, D.",
  journal = "\jpcm",
  volume = 24,
  pages = "415102",
  year = 2012
}

@Article{ PhysRevB.81.014202,
  author = "Drewitt, J.~W.~E. and Salmon, P.~S. and Barnes, A.~C. and Klotz, S. and Fischer, H.~E. and Crichton, W.~A.",
  journal = "\prb",
  volume = 81,
  pages = "014202",
  year = 2010
}

@Article{ JPCM.21.474217,
  author = "Zeidler, A. and Drewitt, W.~E. and Salmon, P.~S. and Barnes, A.~C. and Crichton, W.~A. and Klotz, S. and Fischer, H.~E. and Benmore, C.~J. and Ramos, S. and Hannon, A.~C.",
  journal = "\jpcm",
  volume = 21,
  pages = "474217",
  year = 2009
}

@article{ PhysRevB.82.104208,
  author = "Zeidler, A. and Salmon, P.~S. and Martin, R.~A. and Usuki, T. and Mason, P.~E. and Cuello, G.~J. and Kohara, S. and Fischer, H.~E.",
  journal = "\prb",
  volume = 82,
  issue = 10,
  pages = "104208",
  year = 2010,
  publisher = "\aps",
  doi = {10.1103/PhysRevB.82.104208}
}


@Article{ RPP.69.233,
  author = "Fischer, H.~E. and Barnes, A.~C. and Salmon, P.~S.",
  note = "describe the relationship between the three sets of partial structure factors commonly used (Faber-Ziman, Ashcroft-Langreth and Bhatia-Thornton)",
  journal = "\rpp",
  volume = 69,
  pages = "233-299",
  year = 2006
}

# Mauro's

@Article{ PhysRevB.70.035411,
  author = "Ramaniah, L.~M. and Boero, M. and Laghate, .M.",
  journal = "\prb",
  volume = 70,
  number = 3,
  pages = "035411",
  year = 2004,
  publisher = "\aps"
}

@Book{ springer.cpmden.2015,
  author = "Boero, M. and Oshiyama, A.",
  title = "Car-Parrinello Molecular Dynamics in Encyclopedia of Nanotechnology",
  pages = "1-10",
  year = 2015,
  publisher = "Springer"
}

@Article{ PhysRevB.81.195433,
  author = "Mastubara, M. and Massobrio, C. and Ramaniah, L.~M. and Ruiz, E. and Boero, M.",
  journal = "\prb",
  volume = 81,
  number = 19,
  pages = "195433",
  year = 2010,
  publisher = "\aps"
}

@Article{ salt1,
  publisher = {American Institute of Physics},
  author = "{Scipioni}, R. and {Schmidt}, D.~A. and Boero, M.",
  year = 2009,
  pages = "024502",
  volume = 130,
  journal = "\jcp",
  numpages = 7,
  doi = {10.1063/1.3054197}
}

@Article{ wfcbond,
  publisher = {American Chemical Society},
  author = "Boero, M. and Parrinello, M. and Huffer, S. and Weiss, H.",
  year = 2000,
  pages = "501-509",
  volume = 122,
  journal = "\jacs",
  numpages = 9,
  doi = {10.1021/ja990913x}
}

# MMI's

@Article{jcp.138.061103,
  author = "Micoulaut, M.",
  journal = "\jcp",
  volume = 138,
  issue = 6,
  pages = "061103",
  year = 2013,
  doi = {10.1063/1.4792195}
}

@Article{ 1997JPCM..9-2551,
  author = "Micoulaut, M. and Kerne}, R.",
  journal = "\jpcm",
  year = 1997,
  volume = 9,
  number = 12,
  pages = "2551-2562"
}

# DFT / Theo

@Article{ 1964PhRv..136..864H,
  author = "Hohenberg, P. and Kohn, W.",
  journal = "\pr",
  year = 1964,
  volume = 136,
  number = "3B",
  pages = "B864-B871",
  adsnote = "Provided by the Smithsonian/NASA Astrophysics Data System"
}

@Article{ 1965PhRv..140.1133K,
  author = "Kohn, W. and Sham, L.~J.",
  journal = "\pr",
  year = 1965,
  volume = 140,
  number = "4A",
  pages = "A1133-A1138",
  adsnote = "Provided by the Smithsonian/NASA Astrophysics Data System"
}

@Article{ PhysRevA.38.3098,
  author = "Becke, A.~D.",
%  title = "Density-functional exchange-energy approximation with correct asymptotic behavior",
  journal = "\pra",
  volume = 38,
  number = 6,
  pages = "3098-3100",
  numpages = 2,
  year = 1988,
  publisher = "\aps"
}

@Article{ PhysRevB.33.8800,
  author = "Perdew, J.~P. and Yue, W.",
  journal = "\prb",
  volume = 33,
  number = 12,
  pages = "8800-8802",
  numpages = 2,
  year = 1986,
  publisher = "\aps"
}

@Article{ PhysRevLett.55.2471,
  author = "Car, R. and Parrinello, M.",
%  title = "Unified Approach for Molecular Dynamics and Density-Functional Theory",
  journal = "\prl",
  volume = 55,
  number = 22,
  pages = "2471-2474",
  year = 1985,
  publisher = "\aps"
}

@Article{ MMAQC,
  author = "Marx, D. and Hutter, J.",
  journal = "Mod. Met. Algo. Q. Chem.",
  volume = 1,
  pages = "301-449",
  numpages = 4,
  year = 2000,
  publisher = "John von Neumann Institue for Computing"
}

@Article{ molp.92.477,
  author = "Lippert, G. and Hutter, J. and Parrinello, M.",
  journal = "\molp",
  volume = 92,
  number = 3,
  pages = "477-487",
  year = 1997
}

@Article{ cms.2-244,
  author = "Hutter, J. and Luthi, A.~P. and Parrinello, M.",
%  title = "Electronic structure optimization in plane-wave-based density functional calculations by direct inversion in the iterative subspace",
  journal = "\cms",
  volume = 2,
  number = 2,
  pages = "244-248",
  year = 1994
}

@Article{ jcp.118.4365,
  author = "VandeVondele, J. and Hutter, J.",
  journal = "\jcp",
  volume = 118,
  number = 10,
  pages = "4365-4369",
  year = 2003
}

@Article{ PhysRevLett.122.158103,
  author = "Gervasio, F.~L. and Laio, A. and Parrinello, M. and Boero, M.",
  journal = "\prl",
  volume = 122,
  number = 15,
  pages = "158103",
  numpages = 4,
  year = 2005,
  publisher = "\aps"
}

@Article{ PhysRevA.44.6334,
  author = "Pastore, G. and Smargiassi, E. and Buda, F.",
  journal = "\pra",
  volume = 44,
  number = 10,
  pages = "6334-6347",
  numpages = 14,
  year = 1991,
  publisher = "\aps"
}

@Article{ J.Appl.Phys.52.7182,
  author = "Parrinello, M. and Rahman, A.",
  journal = "\jap",
  volume = 52,
  pages = "7182",
  year = 1981,
  publisher = "\aps"
}

@article{ PhysRevLett.45.1196,
  author = "Parrinello, M. and Rahman, A.",
  journal = "\prl",
  volume = 45,
  issue = 14,
  pages = "1196-1199",
  year = 1980,
  publisher = "\aps",
  doi = {10.1103/PhysRevLett.45.1196}
}

@article{ EPL.26.345,
  author = "Focher, P. and Chiarotti, G.~L. and Bernasconi, M. and Tosatti, E. and Parrinello, M.",
  journal = "\epl",
  volume = 26;
  pages = "345",
  year = 1994
}

@Article{ PhysRevB.59.797,
  author = "Stapper, G. and Bernasconi, M. and Nicoloso, N. and Parrinello, M.",
%  title = "$Ab initio$ study of structural and electronic properties of yttria-stabilized cubic zirconia",
  journal = "\prb",
  year = 1999,
  volume = 59,
  issue = 2,
  pages = "797-810",
  publisher = "\aps"
}


@Article{ PhysRevB.31.1770H,
  author = "Harris, J.",
  journal = "\prb",
  year = 1985,
  volume = 31,
  number = 4,
  pages = "1770-1779",
  publisher = "\aps"
  adsnote = "Provided by the Smithsonian/NASA Astrophysics Data System"
}

@Article{ PhysRevLett.48.1425,
  author = "Kleinman, L. and Bylander, D.~M.",
  journal = "\prl",
  volume = 48,
  number = 20,
  pages = "1425-1428",
  numpages = 3,
  year = 1982,
  publisher = "\aps"
}

@article{PhysRevB.50.4954,
  author = "White, J.~A. and Bird, D.~M.",
  journal = "\prb",
  volume = 50,
  issue = 7,
  pages = "4954-4957",
  year = 1994,
  publisher = "\aps",
  doi = "10.1103/PhysRevB.50.4954"
}

@article{BYLANDER1997599,
  journal = "J. Comp. Phys.",
  volume = 136,
  number = 2,
  pages = "599-602",
  year = 1997,
  issue = "0021-9991",
  doi = "https://doi.org/10.1006/jcph.1997.5784",
  author = "Bylander, D.~M. and Kleinman, L."
}

@Article{ PhysRevB.23.5048,
  author = "Perdew, J.~P. and Zunger, A.",
  journal = "\prb",
  volume = 23,
  number = 10,
  pages = "5048-5079",
  numpages = 31,
  year = 1981,
  publisher = "\aps"
}

@Article{ PhysRevB.46.6671,
  author = "Perdew, J.~P. and Chevary, J.~A. and Vosko, S.~H. and Koblar J.~A. and Pederson, M.~R. and Singh, D.~J. and Fiolhais, C.",
  journal = "\prb",
  volume = 46,
  number = 11,
  pages = "6671-6687",
  numpages = 16,
  year = 1992,
  publisher = "\aps"
}

@Article{ PhysRevLett.77.3865,
  author = "Perdew, J.~P. and Burke, K. and Ernzerhof, M.",
  journal = "\prl",
  volume = 77,
  number = 18,
  pages = "3865-3868",
  numpages = 3,
  year = 1996,
  publisher = "\aps"
}

@Article{ PhysRevB.43.1993,
  author = "Troullier, N. and Martins, J.~L.",
%  title = "Efficient pseudopotentials for plane-wave calculations. II. Operators for fast iterative diagonalization", 
  journal = "\prb",
  volume = 43,
  number = 3,
  pages = "1993-2006",
  numpages = "13",
  year = 1991,
  publisher = "\aps"
}

@Article{ PhysRevB.37.785,
  author = "Lee, C. and Yang, W. and Parr, R.~G.",
%  title = "Development of the Colle-Salvetti correlation-energy formula into a functional of the electron density",
  journal = "\prb",
  volume = 37,
  number = 2,
  pages = "785-789",
  numpages = 4,
  year = 1988,
  publisher = "\aps"
}

@Article{ PhysRevB.45.13244,
  author = "Perdew, J.~P. and Wang, Y.",
  journal = "\prb",
  volume = 45,
  number = 23,
  pages = "13244-13249",
  numpages = 5,
  year = 1992,
  doi = {10.1103/PhysRevB.45.13244},
  publisher = "\aps"
}

@Article{ PhysRevB.45.9413,
  author = "{Bl\"ochl}, P.~E. and Parrinello, M.",
  journal = "\prb",
  volume = 45,
  number = 16,
  pages = "9413-9416",
  numpages = 3,
  year = 1992,
  doi = {10.1103/PhysRevB.45.9413},
  publisher = "\aps"
}

@Article{ jcc.27-1787,
  author = "Grimme, S.",
%  title = "Semiempirical GGA‐type density functional constructed with a long‐range dispersion correction",
  journal = "J. Comp. Chem.",
  year = 2006,
  pages = "1787-1799", 
  volume = 27
}

@article { CPC.13-562,
  author = "Jacobsen, H. and Cavallo, L.",
%  title = "On the Accuracy of DFT Methods in Reproducing Ligand Substitution Energies for Transition Metal Complexes in Solution: The Role of Dispersive Interactions",
  journal = "Chem. Phys. Chem.",
  volume = 13,
  number = 2,
  pages = "562-569",
  doi = {10.1002/cphc.201100705},
  year = 2012
}

@article { CPC.13.1407,
  author = "Grimme, S.",
%  title = "Comment on: “On the Accuracy of DFT Methods in Reproducing Ligand Substitution Energies for Transition Metal Complexes in Solution: The Role of Dispersive Interactions” by H. Jacobsen and L. Cavallo",
  journal = "Chem. Phys. Chem.",
  volume = 13,
  number = 6,
  pages = "1407-1409",
  doi = {10.1002/cphc.201200094},
  year = 2012
}

@Article{ molp.52.255,
  author = "{Nos\'e}, S.",
  journal = "\molp",
  volume = 52,
  number = 2,
  pages = "255-258",
  year = 1984
}

@Article{ jcp.81.130511,
  author = "{Nos\'e}, S.",
  journal = "\jcp",
  volume = 81,
  number = 1,
  pages = "130511",
  year = 1984
}

@Article{ PhysRevA.31.1695,
  author = "Hoover, W.~G.",
  journal = "\pra",
  volume = 31,
  number = 3,
  pages = "1695-1697",
  numpages = 2,
  year = 1985,
  doi = {10.1103/PhysRevA.31.1695},
  publisher = "\aps"
}


@article{ jcp.97.2635,
  author = "Martyna, G.~J. and Klein, M.~L. and Tuckerman, M.",
  year = 1992,
  volume = 97,
  pages = "2635-2643",
  journal = "Journal of Chemical Physics",
  publisher = "American Institute of Physics",
  number = 4
}

@Article{ jcp.98.5648,
  author = "Becke, A.~D.",
  year = 1993,
  journal = "\jcp",
  volume = 98,
  number = 7,
  pages = "5648-5652",
  doi = {10.1063/1.464913}
}

@article{ Cms.36.254,
  author = "Henkelman, G. and Arnaldsson, A. and J{\` o}nsson H.",
  year = 2006,
  journal = "\cms",
  volume = 36,
  number = 3,
  pages = "354",
  doi = {10.1016/j.commatsci.2005.04.010}
}

@Book{ Bader01,
  author = "Bader, R.",
  title = "Atoms in Molecules: A Quantum Theory",
  publisher = "Oxford University Press, New York",
  year = 1990
}   

# Rings

@Article{ Nature.213.1112,
  author = "King, S.~V.",
  journal = "\nat",
  volume = 213,
  pages = "1112",
  numpages = 1,
  year = 1967,
  publisher = "Nature"
}

@Article{ Wooten-bk0109,
  author = "Wooten, F.",
  journal = "\acta",
  year = 2002,
  volume = 58,
  number = 4,
  pages = "346-351"
}

@Article{ Goetzke-127.215,
  author = "Goetzke, K. and Klein, H.~J.",
  journal = "\jncs",
  year = 1991,
  volume = 127,
  pages = "215-220",
}

@Article{ YuanCormack-24-343,
  author = "Yuan, X. and Cormack, A.~N.",
  journal = "\cms",
  year = 2002,
  volume = 24,
  pages = "343-360",
}

@Article{ Guttman-116-145,
  author = "Guttman, L.",
  journal = "\jncs",
  year = 1990,
  volume = 116,
  pages = "145-147",
}

@Article{ PhysRevB.44.4925,
  author = "Franzblau, D.~S.",
  journal = "\prb",
  volume = 44,
  number = 10,
  pages = "4925-4930",
  numpages = 5,
  year = 1991,
  publisher = "\aps"
}

# Glasses

@Article{ Kauz,
  author = "Kauzmann, W.",
  journal = "\crv",
  volume = 43,
  number = 2,
  pages = "219-256",
  year = 1948
}

@Article{ JCP..4.618-1936,
  author = "Zachariasen, W.~H.",
  journal = "\jcp",
  volume = 4,
  pages = "618-619",
  year = 1936
}

@Article{ 1988JPCS...49.863,
  author = "Angell, C.~A.",
  journal = "\jpcs",
  year = 1988,
  volume = 49,
  number = 8,
  pages = "863-871",
}


@Article{ jpcssp.2.229,
  author = "Lorch, E.",
  journal = "\jpcssp",
  year = 1969,
  volume = 2,
  pages = 229
}

@Book{ Vlebedev,
  author = "Zarzycky, J.",
  title = "{Les Verres et l'{\'e}tat vitreux}",
  publisher = "{Masson, Paris}",
  year = 1982
}

@Article{ Vzachariasen,
  author = "Zachariasen, W.~H.",
  journal = "\jacs",
  volume = 54,
  number = 10,
  pages = "3841",
  year = 1932
}

@Article{ Vporai,
  author = "Porai-Koshits, E.~A.",
  journal = "\jncs",
  volume = 123,
  number = "1-3",
  pages = "1-13",
  year = 1990
}

@Article{ Vgoodman,
  author = "{Goodman}, C.~H.~M.",
  journal = "\pcg",
  volume = 26,
  number = 1,
  pages = "1-10",
  year = 1985
}

@Article{ Vingram,
  author = "{Ingram}, D.~D.",
  journal = "\plmb",
  volume = 60,
  number = 6,
  pages = "729-740",
  year = 1989
}

# Autres

@article{pratt1981effects,
  author="Pratt, L.~R. and Haan, S.~W.",
  journal="\jcp",
  volume=74,
  number=3,
  pages="1864-1872",
  year=1981,
  publisher={AIP Publishing}
}

@article{ mandell1976properties,
  author="Mandell, M.~J.",
  journal={Journal of Statistical Physics},
  volume=15,
  number=4,
  pages="299-305",
  year=1976,
  publisher={Springer}
}

@article{ denton1997implicit,
  author="Denton, A.~R. and Egelstaff, P.~A.",
  journal={Z. f{\"u}r Phys. B Cond. Mat.},
  volume=103,
  number=3,
  pages="343-349",
  year=1997,
  publisher={Springer}
}

@article{ foiles1984structure,
  author="Foiles, S.~M. and Ashcroft, N.~W. and Reatto, L.",
  journal="\jcp",
  volume=81,
  number=12,
  pages="6140-6145",
  year=1984,
  publisher={AIP Publishing}
}

@article{ reatto1987integral,
  author="Reatto, L. and Tau, M.",
  journal="\jcp",
  volume=86,
  number=11,
  pages="6474-6485",
  year=1987,
  publisher={AIP Publishing}
}

@article{ rovere1988block,
  author="Rovere, M. and Hermann, D.~W. and Binder, K.",
  journal="\epl",
  volume=67,
  number=7,
  pages="585",
  year=1988,
  publisher={IOP Publishing}
}

@article{ sellan2010size,
  author="Sellan, D.~P. and Landry, E.~S. and Turney, J.~E. and McGaughey, A.~J.~H. and Amon, C.~H.",
  journal="\prb",
  volume=81,
  number=21,
  pages="214305",
  year=2010,
  publisher={APS}
}

@article{ mandell1977crystal,
  author="Mandell, M.~J. and McTague, J.~P. and Rahman, A.",
  journal="\jcp",
  volume=66,
  number=7,
  pages="3070-3075",
  year=1977,
  publisher={AIP Publishing}
}

@article{ cape1981analysis,
  author="Cape, J.~N. and Finney, J.~L. and Woodcock, L.~V.",
  journal="\jcp",
  volume=75,
  number=5,
  pages="2366-2373",
  year=1981,
  publisher={AIP Publishing}
}

@article{ choudhury2002bridge,
  author="Choudhury, N. and Ghosh, S.~K.",
  journal="\pre",
  volume=66,
  number=2,
  pages="021206",
  year=2002,
  publisher="\aps"
}

@article{delogu2009molecular,
  author="Delogu, F.",
  journal="\prb",
  volume=79,
  number=18,
  pages="184109",
  year=2009,
  publisher="\aps"
}

@article{jang2006structures,
  author="Jang, S.~S. and Goddard, W.~A.",
  journal="\jpcb",
  volume=110,
  number=15,
  pages="7992-8001",
  year=2006,
  publisher={ACS Publications}
}

@article{muser2001molecular,
  author="M{\"u}ser, M.~H. and Binder, K.",
  journal={Phys. and Chem. of Minerals},
  volume=28,
  number=10,
  pages="746-755",
  year=2001,
  publisher={Springer}
}

@article{PhysRevE.53.2382,
  author = "Salacuse, J. J. and Denton, A. R. and Egelstaff, P. A.",
  journal = "\pre",
  volume = 53,
  issue = 3,
  pages = "2382-2389",
  year = 1996,
  publisher = "\aps"
}

@article{ salacuse1996finite2,
  author="Salacuse, J.~J. and Denton, A.~R. and Egelstaff, P.~A. and Tau, M. and Reatto, L.",
  journal="\pre",
  volume=53,
  number=3,
  pages= "2390",
  year = 1996,
  publisher = "\aps"
}

@Article{PhysRevB.44.4056,
  author = "Feuston, B.~P. and Andreoni, W. and Parrinello, M. and Clementi, E.",
  journal = "\prb",
  volume = 44,
  pages = "4056",
  year = 1991,
  publisher = "\aps"
}


@Article{PhysRevLett.66.2637,
  author = "Saito, S. and Oshiyama, A.",
  journal = "\prl",
  volume = 66,
  pages = "2637",
  year = 1991,
  publisher = "\aps"
}

@Article{ 1997PhRvB..5610852A,
  author = "Armand, P. and Ibanez, A. and Tonnerre, J.~-M. and Bouchet-Fabre, B. and Philippot, E.",
  journal = "\prb",
  year = 1997,
  volume = 56,
  number = 17,
  pages = "10852-10859",
  adsnote = "Provided by the Smithsonian/NASA Astrophysics Data System"
}

@Article{ 1991JNCS.127..25A,
  author = "Philippot, E. and Ibanez, A. and Benazeth, S. and Dexpert, H.",
  journal = "\jncs",
  volume = 127,
  number = 1,
  pages = "25-35",
    year = 1991
}

@Article{ 1993SSI.59..157165A,
  author = "{Ibanez}, A. and {Armand}, P. and {Philippot}, E. and {Dexpert}, H.",
  journal = "\ssi",
    volume = 59,
  number = "1-2",
    pages = "157-165",
    year = 1993
}

@Article{ 1993JSSCh.104..308A,
  author = "{Armand}, P. and {Ibanez}, A. and {Philippot}, E.",
  journal = "\jssc",
  year = 1993,
  volume = 104,
  number = 2,
  pages = "308-318",
}

@Article{ 2001JNCS...279.186,
  author = "{Miyauchi}, K. and {Qiu}, J. and {Shojiya}, M. and {Kawamoto}, Y. and {Kitamura}, N.",
  journal = "\jncs",
  year = 2001,
  volume = 279,
  number = "2-3",
  pages = "186-195"
}

@Article{ 2001JNCS...284-128,
  author = "{Kawamoto}, Y. and {Shojiya}, M. and {Sakida} S. and {Kitamura}, N.",
  journal = "\jncs",
  volume = 284,
  number = "1-3",
  pages = "128-133",
  year = 2001
}

@article{ jncs.182.40,
  author= "Elliott, S.~R.",
  journal= "\jncs",
  volume= 182,
  number= 1,
  pages="40-48",
  year=1995,
  publisher={Elsevier}
}

@Article{ 1996PhRvB..54.3895L,
  author = "Lee, J.~H. and Owens, A.~P. and Pradel, A. and Hannon, A.~C. and Ribes, M. and Elliott, S.~R.",
  journal = "\prb",
  year = 1996,
  volume = 54,
  number = 6,
  pages = "3895-3909",
}

@Article{ JNCS-1995,
  author = "{Pradel}, A. and {Taillades}, G. and {Ribes}, M. and {Eckert}, H.",
  journal = "\jncs",
  volume = 188,
  number = "1-2",
  pages = "75-86",
  year = 1995
}

@Article{ JPCM-2003,
  author = "{See for example:}",
  title = "Atomic Structure and Transport in Glassy Materials",
  journal = "Special issue of \jpcm",
  volume = 15,
  number = 16,
  pages = "S1509-S1659",
  year = 2003
}

@Article{ 2003PhRvB..67i4204B,
  author = "Blaineau, S. and Jund, P. and Drabold, D.~A.",
  journal = "\prb",
  year = 2003,
  volume = 67,
  number = 9,
  pages = "094204",
  adsnote = {Provided by the Smithsonian/NASA Astrophysics Data System}
}

@Article{ 2004PhRvB..69f4201B,
  author = "Blaineau, S. and Jund, P.",
  journal = "\prb",
  year = 2004,
  volume = 69,
  number = 6,
  pages = "064201",
  adsnote = {Provided by the Smithsonian/NASA Astrophysics Data System}
}

@Article{ 2004PhRvB..70r4210B,
  author = "Blaineau, S. and Jund, P.",
  journal = "\prb",
  year = 2004,
  volume = 70,
  number = 18,
  pages = "184210",
  adsnote = "Provided by the Smithsonian/NASA Astrophysics Data System"
}

@Article{ 2005.CP.317-137,
  author = "Blaineau, S. and Jund, P.",
  journal = "\cp",
  volume = 317,
  number = 2,
  pages = "137-142",
  year = 2005
}

@Article{ 2006PhRvB..74r054203,
  author = "Blaineau, S. and Jund, P.",
  journal = "\prb",
  year = 2006,
  volume = 74,
  number = 18,
  pages = "054203"
}

@Article{ PhysRevB.64.134303,
  author = "Jund, P. and {Kob}, W. and {Jullien}, R.",
  journal = "\prb",
  volume = 64,
  number = 13,
  pages = 134303,
  numpages = 5,
  year = 2001,
  publisher = "\aps"
}

@Article{ PhysRevB.60.R14985,
  author = "{Koblar}, J. and {Briley}, A. and {Grossman}, S.  and {Porezag}, D.~V. and {Pederson}, M.~R.",
  journal = "\prb",
  volume = 60,
  number = 22,
  pages = "R14985-R14989",
  numpages = 4,
  year = 1999,
  publisher = "\aps"
}

@Article{ PhysRevLett.78.4422,
  author = "{Feng}, X. and {Bresser}, W.~J. and {Boolchand}, P.",
  journal = "\prl",
  volume = 78,
  number = 23,
  pages = "4422-4425",
  numpages = 3,
  year = 1997,
  publisher = "\aps"
}

@Article{ 1985JNCS...71.203,
  author = "{Greaves}, G.~N.",
  journal = "\jncs",
  year = 1985,
  volume = 71,
  number = "1-3",
  pages = "203-217",
}

@Article{ 1991Natur.354..445E,
  author = "Elliott, S.~R.",
  journal = "\nat",
  year = 1991,
  volume = 354,
  pages = "445-452",
  adsnote = "Provided by the Smithsonian/NASA Astrophysics Data System"
}

@Article{ 1991PhRvL..67..711E,
  author = "Elliott, S.~R.",
  journal = "\prl",
  year = 1991,
  volume = 67,
  number = 6,
  pages = "711-714",
  adsnote = "Provided by the Smithsonian/NASA Astrophysics Data System"
}

@Article{ 1991PhRvL..67.1477E,
  author = "Elliott, S.~R.",
  journal = "\prl",
  year = 1991,
  volume = 67,
  number = 11,
  pages = "1477",
  adsnote = "Provided by the Smithsonian/NASA Astrophysics Data System"
}

@Article{ 1991PhRvB..43.1194S,
  author = "Susman, S. and Violin, K.~J. and Price, D.~L. and Grimsditch, M. and Rino, J.~P. and Kalia, R.~K. and Vashishta, P. and Gwanmesia, G.~D. and Wang, Y. and Liebermann, R.~C.",
  journal = "\prb",
  year = 1991,
  volume = 43,
  number = 1,
  pages = "1194-1197",
  adsnote = "Provided by the Smithsonian/NASA Astrophysics Data System"
}

@article{ PhysRevB.74.014203,
  author="Mei, Q. and Benmore, C.~J. and Hart, R.~T. and Bychkov, E. and Salmon, P.~S. and Martin, C.~D. and Michel, F.~M. and Antao, S.~M. and Chupas, P.~J. and Lee, P.~L. and Shastri, S.~D. and Parise, J.~B. and Leinenweber, K. and Amin, S. and Yarger, J.~L.",
  journal="\prb",
  volume=74,
  number=1,
  pages="014203",
  year=2006,
  publisher="\aps"
}

@Article{ Vppd4,
  author = "Susman, S. and Violin, K.~J. and Liebermann, R.~C. and Gwanmesia, G.~D. and Wang, Y.",
  journal = "\pcg",
  volume = 31,
  pages = "144",
  year = 1990
}

@Article{ JNCS.125.168,
  author = "Susman, S. and Violin, K.~J. and Dejus R.~J. and Montague, D.~G. and Price, D.~L.",
  journal = "\jncs",
  volume = 125,
  number = "1-2",
  pages = "168-180",
  year = 1990,
}

@Article{ JNCS.10-26,
  author = "Susman, S. and Price, D.~L. and Violin, K.~J. and Dejus R.~J. and Montague, D.~G.",
  journal = "\jncs",
  volume = 106,
  number = 1,
  pages = "26-29",
  year = 1988,
}

@Article{ Vpp2-1,
  author = "{Tsutsu}, H. and {Tamura}, K. and {Endo}, H.",
  journal = "\ssc",
    volume = 52,
  number = 10,
    pages = "877-879",
    year = 1984
}

@Article{ Vpp2-2,
  author = "{Tanaka}, K.",
  journal = "\jncs",
  volume = 90,
  number = "1-3",
  pages = "363",
  year = 1987
}

@Article{ PhysRevB.39.1270,
  author = "Tanaka, K.",
  journal = "\prb",
  volume = 39,
  issue = 2,
  pages = "1270-1279",
  year = 1989,
  doi = {10.1103/PhysRevB.39.1270},
  publisher = "\aps"
}

@Article{ PhysRevB.18.6915,
  author = "Street, R. A. and Nemanich, R. J. and Connell, G. A. N.",
  journal = "\prb",
  volume = 18,
  issue = 12,
  pages = "6915-6919",
  year = 1978,
  doi = {10.1103/PhysRevB.18.6915},
  publisher = "\aps"
}

@Article{ 1981PhRvL..47.1848B,
  author = "Busse, L.~E. and Nagel, S.~R.",
  journal = "\prl",
  year = 1981,
  volume = 47,
  number = 25,
  pages = "1848-1851",
  publisher = "\aps"
}

@Article{ 1984PhRvB..29.3639B,
  author = "Busse, L.~E.",
  journal = "\prb",
  year = 1984,
  volume = 29,
  number = 6,
  pages = "3639-3651",
  adsnote = "Provided by the Smithsonian/NASA Astrophysics Data System"
}

@Article{ 1996PhRvL.76.66G,
  author = "Gaskell, P.~H. and Wallis, D.~J.",
  journal = "\prl",
  year = 1996,
  volume = 76,
  number = 1,
  pages = "66-69",
  adsnote = "Provided by the Smithsonian/NASA Astrophysics Data System"
}

@Article{ Vbletry,
  author = "Bl\'{e}try, J.",
  journal = "\plmb",
  volume = 62,
  number = 5,
  pages = "469",
  year = 1990
}

@Book{ Vcond,
  author = "Pohl, R.~O.",
  title = "{Amorphous Solids : Low-Temperature Properties}",
  publisher = "Springer-Verlag, Berlin",
  year = 1981
}

@Article{ PhysRevLett.53.2316,
  author = {Buchenau, U. and N{\"u}cker, N. and Dianoux, A.~J.},
  journal = "\prl",
  volume = 53,
  number = 24,
  pages = "2316-2319",
  numpages = 3,
  year = 1984,
  publisher = "\aps"
}

@Article{ PhysRevLett.56.539.3,
  author = {Buchenau, U. and N{\"u}cker, N. and Dianoux, A.~J.},
  journal = "\prl",
  volume = 56,
  number = 5,
  pages = "539",
  numpages = 1,
  year = 1986,
  publisher = "\aps"
}

@Article{ PhysRevB.34.5665,
  author = "{Buchenau}, U. and {Prager} M. and {N{\"u}cker}, N. and {Dianoux}, A.~J. and {Ahmad}, N. and {Phillips}, W.~A.",
  journal = "\prb",
  volume = 34,
  number = 8,
  pages = "5665-5673",
  numpages = 8,
  year = 1986,
  publisher = "\aps"
}

@Article{ SSC-1986,
  author = "{Malinovsky}, V.~K. and {Sokolov}, A.~P.",
  journal = "\ssc",
  volume = 57,
  number = 9,
  pages = "757-761",
  year = 1986
}

@Article{ JNCS.55-307.1983,
  author = "{Ingatiev}, F.~N. and {Karpov}, V.~G. and {Klinger}, M.~I.",
  journal = "\jncs",
  volume = 55,
  number = 3,
  pages = "307-323",
  year = 1983
}

@Article{ PhysRevLett.60.1318,
  author = {{Buchenau}, U. and {Zhou}, H.~M. and {N{\"u}cker}, N. and {Gilroy}, K.~S. and {Phillips}, W.~A.},
  journal = "\prl",
  volume = 60,
  number = 13,
  pages = "1318-1321",
  numpages = 3,
  year = 1988,
  publisher = "\aps"
}

@Article{ 1990EL.11..43M,
  author = "{Malinovsky}, V.~K. and {Novikov}, V.~N. and {Parshin}, P.~P. and {Sokolov}, A.~P. and {Zemlyanov}, M.~G.",
  journal = "\epl",
  year = 1990,
  volume = 11,
  number = 1,
  pages = "43-47",
}

@Article{ Eurpl.47-462.1999,
  author = "{Yamaguchi}, M. and {Yagi}, T.",
  journal = "\epl",
  volume = 47,
  number =4,
  pages = "462-467",
  year = 1999
}

@Article{ PhysRevB.12.2432,
  author = "{Winterling}, G.",
  journal = "\prb",
  volume = 12,
  number = 6,
  pages = "2432-2440",
  numpages = 8,
  year = 1975,
  publisher = "\aps"
}

@Article{ PhysRevLett.71.2062,
  author = {{Sokolov}, A.~P. and {R{\"o}ssler}, E. and {Kisliuk}, A. and {Quitmann}, D.},
  journal = "\prl",
  volume = 71,
  number = 13,
  pages = "2062-2065",
  numpages = 3,
  year = 1993,
  publisher = "\aps"
}

@Article{ PhysRevLett.25.222,
  author = "{Shuker}, R. and {Gammon}, R.~W.",
  journal = "\prl",
  volume = 25,
  number = 4,
  pages = "222-225",
  numpages = 3,
  year = 1970,
  publisher = "\aps"
}

@Article{ 1996PhRvL..76.3356M,
  author = "{Masciovecchio}, C. and {Ruocco}, G. and {Sette}, F. and {Krisch}, M. and {Verbeni}, R. and {Bergmann}, U. and {Soltwisch}, M.",
  journal = "\prl",
  year = 1996,
  volume = 76,
  number = 18,
  pages = "3356-3359",
  publisher = "\aps"
}

@Article{ 1996PhRvL..77.3835B,
  author = "{Benassi}, P. and {Krisch}, M. and {Masciovecchio}, C. and {Mazzacurati}, V. and {Monaco}, G. and {Ruocco}, G. and {Sette}, F. and {Verbeni}, R.",
  journal = "\prl",
  year = 1996,
  volume = 77,
  number = 18,
  pages = "3835-3838",
  publisher = "\aps"
}

@Article{ PhysRevB.48.16318,
  author = "{Gurevich}, V.~L. and {Parshin}, D.~A. and {Pelous}, J. and {Schober}, H.~R.",
  journal = "\prb",
  volume = 48,
  number = 22,
  pages = "16318-16331",
  numpages = 13,
  year = 1993,
  publisher = "\aps"
}

@Article{ JETP.lett.76-650-2002,
  author = "{Gurevich}, V.~L. and {Parshin}, D.~A. and {Schober}, H.~R.",
  journal = "\jetpl",
  volume = 76,
  number = 9,
  pages = "650-654",
  numpages = 4,
  year = 2002,
}
@Article{ PhysRevB.75.024201,
  author = "{Duval}, E. and {Mermet}, A. and {Saviot}, L",
  journal = "\prb",
  volume = 75,
  number = 2,
  pages = "024201-024210",
  year = 2007,
  publisher = "\aps",
}

@Article{ Nat.422.2003,
  author = "{Grigera}, T.~S. and {Martin-Mayor}, V. and {Parisi}, G. and {Verrocchio}, P.",
  journal = "\nat",
  volume = 422,
  pages = "289",
  year = 2003
}

@Article{ Jpcm.15-S765,
  author = "{Parisi}, G.",
  journal = "\jpcm",
  volume = 15,
  number = 11,
  pages = "S765-S774",
  year = 2003
}

@Article{1992JRPP...55.241,
  author = "{Gotze}, W. and {Sjogren}, L.",
  journal = "\rpp",
  year = 1992,
  volume = 55,
  number = 3,
  pages = "241-376"
}

@Article{ PhysRevLett.78.2401,
  author = "{Guillot}, B. and {Guissani}, Y.",
  journal = "\prl",
  volume = 78,
  number = 12,
  pages = "2401-2404",
  numpages = 3,
  year = "1997",
  publisher = "\aps"
}

@Article{ PhysRevB.56.8605,
  author = "Taraskin, S.~N. and Elliott, S.~R.",
  journal = "\prb",
  volume = 56,
  number = 14,
  pages = "8605-8622",
  numpages = 17,
  year = 1997,
  publisher = "\aps"
}

@Article{ Vsil,
  author = "{Pradel}, A. and {Ribes}, M.",
  journal = "\ssi",
  volume = "18-19",
  number = 1,
  pages = "351-355",
  year = 1986
}

@Article{ Vger,
  author = "{Souquet}, J.~L. and {Robinel}, E. and {Barrau}, B. and {Ribes}, M.",
  journal = "\ssi",
  volume = "3-4",
  pages = "317-321",
  year = 1981
}

@Article{ PhysRevB.64.134303,
  author = "Jund, P. and {Kob}, W. and Jullien, R.",
  journal = "\prb",
  volume = 64,
  number = 13,
  pages = "134303",
  numpages = 5,
  year = 2001,
  publisher = "\aps"
}

@Article{ ACB..31.2060-1975,
  author = "{Dittmar}, G. and {Sh{\"a}fer}, H.",
  journal = "\actb",
  volume = "B31",
  number = 8,
  pages = "2060-2064",
  year = 1975
}

@Article{ ACB..32.1188-1976,
  author = "{Dittmar}, G. and {Sh{\"a}fer}, H.",
  journal = "\actb",
  volume = "B32",
  number = 4,
  pages = "1188-1192",
  year = 1976
}

@Article{ 1996JNCS...202.248,
  author = "{Ibanez}, A. and {Bionducci}, M. and {Philippot}, E. and {Desc{\^o}tes}, L. and {Bellissent}, R.",
  journal = "\jncs",
  year = 1996,
  volume = 202,
  number = 3,
  pages = "248-252",
}

@Article{ PhilosMagB.82.1649,
  author = "{Cai}, L. and {Boolchand}, P.",
  journal = "\plmb",
  volume = 82,
  number = 15,
  pages = "1649-1657",
  year = 2002
}

@Article{ PhysRevB.33.5421,
  author = "{Boolchand}, P.  and {Grothaus}, J.  and {Tenhover}, M.  and {Hazle}, M.~A. and {Grasselli}, R.~K.",
  journal = "\prb",
  volume = 33,
  number = 8,
  pages = "5421-5434",
  numpages = 13,
  year = 1986,
  publisher = "\aps"
}

@Article{ JCP..4.618-1936,
  author = "{Zachariasen}, W.~H.",
  journal = "\jcp",
  volume = 4,
  number = 9,
  pages = "618-619",
  year = 1936
}

@Article{ S..149.535-1965,
  author = "{Prewitt}, C.~T. and {Young}, H.~S.",
  journal = "\science",
  volume = 149,
  number = 3683,
  pages = "535-537",
  year = 1965
}

@PHDTHESIS{ DFOIX-2003,
  author = "{Foix}, D.",
  title = "Caractéristiques structurales et électroniqus de verres chalcogénures - Etude par spectroscopie photoélectronique à rayonnement X (XPS) et calculs quantiques",
  school = "Universit{\'e} de Pau",
  year = 2003
}

@Book{ Vppd1,
  author = "{Moss}, S.~C. and Price, D.~L.",
  title = "Physics of Disordered Materials",
  pages = "77-95",
  publisher = "Plenum, New-York",
  year = 1985,
}

@Article{ JP.21.1069-1988,
  author = "Price, D.~L. and {Moss}, S.~C. and {Reijers}, R. and {Sabougni}, M.~L. and {Susman}, S.",
  journal = "\jpcssp",
  volume = 21,
  number = 32,
  pages = "L1069-L1072",
  year = 1988
}

@Article{ Vbychkov,
  author = "Bychkov, E. and Fourmentin, M. and Miloshova, M. and Benmore, C",
  journal = "ILL Millennium Symposium - Grenoble, France April 6-7",
  pages = "54",
  year = 2001
}

@INPROCEEDINGS{ Vion,
  author = "{Barrau}, B. and {Kone}, A. and {Ribes}, M. and {Souquet} J.~L. and {Maurin}, M.",
  title = "{\it C. R. Acad. Sci. Paris, C83}",
  year = 1978
}

@INPROCEEDINGS{ Ribes,
  author = "{Fourcade}, O. and {Ribes}, M. and {Philippot}, E. and {Maurin}, M.",
  title = "{\it C. R. Acad. Sci. Paris, C272}",
  year = 1971
}

@Article{ 1978JSSCh..23..155O,
  author = "{Olivier-Fourcade}, J. and {Jumas}, J.~C. and {Ribes}, M. and {Philippot}, E. and {Maurin}, M.",
  journal = "\jssc",
  year = 1978,
  volume = 23,
  pages = "155-176",
  adsnote = {Provided by the Smithsonian/NASA Astrophysics Data System}
}

@Article{ S..149.535-1965,
  author = "{Prewitt}, C.~T. and {Young}, H.~S.",
  journal = "\sci",
  volume = 149,
  pages = "535-537",
  year = 1965
}

@Article{JOAM..3-665-2001,
  author = "{Ribes}, M. and Bychkov, E. and {Pradel}, A.",
  journal = "\joam",
  volume = 3,
  number = 3,
  pages = "665-674",
  year = 2001
}

@Article{ 1989PhRvB..40.3979S,
  author = "{Sankey}, O.~F. and {Niklewski}, D.~J.",
  journal = "\prb",
  year = 1989,
  volume = 40,
  number = 6,
  pages = "3979-3995",
  adsnote = "Provided by the Smithsonian/NASA Astrophysics Data System"
}

@Article{ 1955JChemPhys..23.1833,
  author = "{Mulliken}, R.~S.",
  journal = "\jcp",
  year = 1955,
  volume = 23,
  number = 10,
  pages = "1833"
}

@Article{ 1950JChemPhys..18.365,
  author = {{L{\"o}din}, P.~-O.},
  journal = "\jcp",
  year = 1955,
  volume = 18,
  number = 3,
  pages = "365"
}

@Article{ 1982PhRvB..26.4199B,
  author = "Bachelet, G.~B. and Hamann, D.~R. and Schl{\"u}ter, M.",
  journal = "\prb",
  year = 1982,
  volume = 26,
  number = 8,
  pages = "4199-4228",
  adsnote = {Provided by the Smithsonian/NASA Astrophysics Data System}
}

@PHDTHESIS{ DFOIX-2003,
  author = "Foix, D.",
  title = "Caractéristiques structurales et électroniqus de verres chalcogénures - Etude par spectroscopie photoélectronique à rayonnement X (XPS) et calculs quantiques",
  school = "Universit{\'e} de Pau",
  year = 2003
}

@Article{ PhysRevLett.45.566,
  author = "Ceperley, D.~M. and Alder, B.~J.",
  journal = "\prl",
  volume = 45,
  number = 7,
  pages = "566-569",
  numpages = 3,
  year = 1980,
  publisher = "\aps"
}

@Article{ PhysRevB.64.235209,
  author = "Raty, J.~Y. and Godlevsky, V.~V. and Gaspard, J.~P. and Bichara, C. and Bionducci, M. and Bellissent, R. and Ceolin, R. and Chelikowsky, J.~R. and Ghosez, P.",
  journal = "\prb",
  year = 2001,
  volume = 64,
  number = 23,
  pages = "235209",
  publisher = "\aps", 
  DOI = "10.1103/PhysRevB.64.235209"
}

@Article{ PhysRevB.83.134201,
  author = "Sosso, G.~C. and Caravati, S. and Mazzarello, R. and Bernasconi, M.",
  journal = "\prb",
  volume = 83,
  issue = 13,
  pages = "134201",
  numpages = 8,
  year = 2011,
  doi = "10.1103/PhysRevB.83.134201",
  publisher = "\aps"
}

@Article{ PhysRevB.85.174103,
  author = "Sosso, G.~C. and Miceli, G. and Caravati, S. and Behler, J. and Bernasconi, M.",
  journal = "\prb",
  volume = 85,
  issue = 17,
  pages = "174103",
  numpages = 13,
  year = 2012,
  doi = "10.1103/PhysRevB.85.174103",
  publisher = "\aps"
}

@Article{ PhysRevLett.100.205502,
  author = "Akola, J. and Jones, R.~O.",
  journal = "\prl",
  volume = 100,
  issue = 20,
  pages = "205502",
  numpages = 4,
  year = 2008,
  doi = "10.1103/PhysRevLett.100.205502",
  publisher = "\aps"
}

@Article{ PhysRevB.46.9829,
  author = "Garc\'ia, A. and Els\"asser, C. and Zhu, J. and Louie, S.~G. and Cohen M.~L.",
  journal = "\prb",
  volume = 46,
  number = 15,
  pages = "9829-9832",
  numpages = 3,
  year = 1992,
  publisher = "\aps"
}

@Article{ PhysRevB.47.4150.2,
  author = "Garc\'ia, A. and Els\"asser, C. and Zhu, J. and Louie, S.~G. and Cohen M.~L.",
  journal = "\prb",
  volume = 47,
  number = 7,
  pages = "4150",
  numpages = 1,
  year = 1993,
  publisher = "\aps"
}

@Article{ PhysRevB.58.11266,
  author = "Zupan, A. and Blaha, P. and Schwarz, K. and Perdew, J.~P.",
  journal = "\prb",
  volume = 58,
  number = 17,
  pages = "11266-11272",
  numpages = 6,
  year = 1998,
  publisher = "\aps"
}

@Article{ 2003PhRvB..67i4204B,
  author = "Blaineau, S. and Jund, P. and Drabold, D.~A.",
  journal = "\prb",
  year = 2003,
  volume = 67,
  number = 9,
  pages = "094204",
  adsnote = {Provided by the Smithsonian/NASA Astrophysics Data System}
}

@Article{ 2004PhRvB..70r4210B,
  author = "Blaineau, S. and Jund, P.",
  journal = "\prb",
  year = 2004,
  volume = 70,
  number = 18,
  pages = "184210",
}

@Article{ PhysRevB.48.9359,
  author = "Jin, W. and Vashishta, P. and Kalia, R.~K. and Rino, J.~P.",
  journal = "\prb",
  volume = 48,
  number = 13,
  pages = "9359-9368",
  numpages = 9,
  year = 1993,
  publisher = "\aps"
}

@Article{ PhysRevB.47.3053,
  author = "Rino, J.~P. and {Ebbsj\"o}, I. and Kalia, R.~K. and Nakano, A. and Vashishta, P.",
  journal = "\prb",
  volume = 47,
  number = 6,
  pages = "3053-3062",
  numpages = 9,
  year = 1993,
  publisher = "\aps"
}

@Article{ PhysRevlett.62.1651,
  author = "Vashishta, P. and Kalia, R.~K. and Antonio, A.~G.",
  journal = "\prl",
  volume = 62,
  number = 14,
  pages = "1651-1654",
  year = 1989,
  publisher = "\aps"
}

@Article{ PhysRevB.41.12197,
  author = "Vashishta, P. and Kalia, R.~K. and Rino, J.~P.",
  journal = "\prb",
  volume = 41,
  number = 17,
  pages = "12197-12209",
  year = 1990,
  publisher = "\aps"
}

@Article{ ginhoven024208,
  author = "Van Ginhoven, R.~M. and {J\'{o}nsson}, H. and Corrales, L.~R.",
  year = 2005,
  journal = "\prb",
  volume = 71,
  number = 2,
  numpages = 15,
  pages = "024208",
  publisher = "\aps"
}

@Article{ PhysRevB.52.1618,
  author = "Demkov, A.~A. and Ortega, J. and Sankey, O.~F. and Grumbach, M.~P.",
  journal = "\prb",
  volume = 52,
  number = 3,
  pages = "1618-1630",
  numpages = 12,
  year = 1995,
  publisher = "\aps"
}

@Article{ PhysRevLett.43.1494,
  author = "{Hamann}, D.~R. and {Schl\"uter}, M. and {Chiang}, C.",
  journal = "\prl",
  volume = 43,
  number = 20,
  pages = "1494-1497",
  numpages = 3,
  year = 1979,
  publisher = "\aps"
}

@Article{ PhysRevLett.64.1955,
  author = "{van Beest}, B.~W.~H. and {Kramer}, G.~J. and {van Santen}, R.~A.",
  journal = "\prl",
  volume = 64,
  number = 16,
  pages = "1955-1958",
  numpages = 3,
  year = 1990,
  publisher = "\aps"
}

@Article{ JCP-89.5818-1988,
  author = "{Feuston}, B.~P. And {Garofalini}, S.~H.",
  journal = "\jcp",
  volume = 89,
  pages = "5818-5824",
  year = 1988
}

@Article{ 2001PhRvB..64j4206L,
  author = "Li, J. and Drabold, D.~A.",
  journal = "\prb",
  year = 2001,
  volume = 64,
  number = 10,
  pages = "104206",
}

@Article{ tafen054206,
  author = "{Tafen}, D.~N. and Drabold, D.~A.",
  year = 2005,
  journal = "\prb",
  volume = 71,
  number = 5,
  numpages = 15,
  pages = "054206",
  publisher = "\aps"
}

@Article{ PhysRevB.62.15695,
  author = "Zhang, X. and Drabold, D.~A.",
  journal = "\prb",
  volume = 62,
  number = 23,
  pages = "15695-15701",
  numpages = 6,
  year = 2000,
  publisher = "\aps"
}

@Article{ PhysRevB.36.6520,
  author = "Jansen, R.~W. and Sankey, O.~F.",
  journal = "\prb",
  volume = 36,
  number = 12,
  pages = "6520-6531",
  numpages = 11,
  year = 1987,
  publisher = "\aps"
}

@article{ PhysRevB.65.104208,
  author = "Durandurdu, M. and Drabold, D.~A.",
  journal = "\prb",
  volume = 65,
  issue = 10,
  pages = "104208",
  year = 2002,
  publisher = "\aps"
}

@article{ PhysRevB.52.9133,
  author = "Cappelletti, R. L. and Cobb, M. and Drabold, D. A. and Kamitakahara, W. A.",
  journal = "\prb",
  volume = 52,
  pages = "9133--9136",
  year = 1995,
  publisher = "\aps"
}

@article { JNCS.222.348,
  author = "Cobb, M. and Cappelletti, R. L. and Drabold, D. A.",
  doi = "10.1016/S0022-3093(97)90135-6",
  journal = "\jncs",
  pages = "348–353",
  volume = 222,
  year = 1997
}

@Article{ PhysRevB.54.12162,
  author = "Cobb, M. and Drabold, D.~A. and Cappelletti, R.~L.",
  journal = "\prb",
  volume = 54,
  number = 17,
  pages = "12162-12171",
  numpages = 9,
  year = 1996,
  publisher = "\aps"
}

@Article{ PhysRevB.56.3054C,
  author = "Cobb, M. and Drabold, D.~A.",
  journal = "\prb",
  year = 1997,
  volume = 56,
  number = 6,
  pages = "3054-3065",
  publisher = "\aps"
}

@Article{ PhysRevB.41.12750,
  author = "Sankey, O.~F. and Niklewski, D.~J. and Drabold, D.~A. and Dow} J.~D.",
  journal = "\prb",
  volume = 41,
  number = 18,
  pages = "12750-12759",
  numpages = 9,
  year = 1990,
  publisher = "\aps"
}

@Article{ JPCM-12-2000,
  author = "Ortega, J. and Perez, R. and Flores, F.",
  journal = "\jpcm",
  volume = 12,
  number = 1,
  pages = "L21-L27",
  year = 2000
}

@Article{ PhysRevB.73.060201,
  author = "Sharma, B.~K. and Wilson, M.",
  journal = "\prb",
  volume = 73,
  number = 6,
  pages = "060201",
  numpages = 4,
  year = 2006,
  doi = {10.1103/PhysRevB.73.060201},
  publisher = "\aps"
}

@Book{ GEAR,
  author = "{Gear}, C.~W.",
  title = "The numerical integration of ordinary differential equations of various orders.",
  publisher = "Report ANL 7126, Argonne National Laboratory."
}

@Article{ JNCS-43.107-1991,
  author = "{Helman}, H. and {Garofalini}, S.~H.",
  journal = "\jncs",
  volume = 143,
  pages = "107",
  year = 1991,
}

@Article{ 1992JChPh..97.3775A,
  author = "{Athanasopoulos}, D.~C. and {Garofalini}, S.~H.",
  journal = "\jcp",
  year = 1992,
  volume = 97,
  pages = "3775-3780",
  adsnote = {Provided by the Smithsonian/NASA Astrophysics Data System}
}

@Article{ JAMCS-75.2353-1992,
  author = "{Zirl}, D.~M. and {Garofalini}, S.~H.",
  journal = "\jamcs",
  volume = 75,
  pages = "2353",
  year = 1992
}

@Article{ JAMCS-75.2353-1992,
  author = "{Webb}, E.~B. and {Garofalini}, S.~H.",
  journal = "\susc",
  volume = 319,
  pages = "381",
  year = 1994
}

@Article{ JCP-27.1208-1957,
  author = "{Alder}, B.~J. and {Wainwright}, T.~E.",
  journal = "\jcp",
  volume = 27,
  pages = "1208-1209",
  year = 1957
}

@Article{ PRSL-a168-264,
  author = "{Buckingham}, R.~A.",
  journal = "\procrsl",
  volume = "A168",
  pages = "264",
  year = 1938
}

@Article{ PhysRev.46.618,
  author = "M\o{}ller, C. and {Plesset}, M.~S.",
  journal = "\pr",
  volume = 46,
  number = 7,
  pages = "618--622",
  numpages = 4,
  year = 1934,
  publisher = "\aps"
}

@Article{ ChemPhys-48.173,
  author = "{Roos}, B~O. and {Taylor}, P.~R. and {Siegbahm}, E.~M.",
  journal = "\cp",
  volume = 48,
  pages = "153-173",
  year = 1980
}

@Article{ JchemPhys.87-1987,
  author = "{Pople}, J.~A. and {Head-Gordon}, M. and {Raghavachari}",
  journal = "\jcp",
  volume = 87,
  pages = "5968-5975",
  year = 1987
}

@Article{ PhysRev.56.340,
  author = "{Feynman}, R.~P.",
  journal = "\pr",
  volume = 56,
  number = 4,
  pages = "340-343",
  numpages = 3,
  year = 1939,
  publisher = "\aps"
}

@Book{ Hell1937,
  author = "{Hellmann}, H.",
  title = "Einführung in die Quantenchemie",
  year = 1937,
  publisher = "Deuticke"
}

@Article{ Lieb-Qchem1983,
  author = "{Lieb}, E.~H.",
  journal = "\jqc",
  volume = 24,
  number = 3,
  pages = "243-247",
  year = 1983
}

@Article{ JCP45.4256-1966,
  author = "{C\'izek}, J.",
  journal = "\jcp",
  volume = 45,
  pages = 4256,
  year = 1966
}

@Article{ PhysRevB.53.R10441,
  author = "{Ordej\'on}, P. and {Artacho}, E. and {Soler}, J.~M.",
  journal = "\prb",
  volume = 53,
  number = 16,
  pages = "R10441-R10444",
  numpages = 3,
  year = 1996,
  publisher = "\aps"
}

@Article{ JPCM.8-3859,
  author = "{S\'anchez-Portal} D. and {Artacho}, E. and {Soler}, J.~M.",
  journal = "\jpcm",
  volume = 8,
  number = 21,
  pages = "3859-3880",
  year = 1996
}

@Article{ PstatB.215-809,
  author = "{Artacho}, E. and {S\'anchez-Portal} D. and {Ordej\'on}, and {Garc\'ia}, A. and {Soler}, J.~M.",
  journal = "\pstb",
  volume = 215,
  number = 1,
  pages = "809-817",
  year = 1999
}

@Article{ JPCM.14-2745,
  author = "{Soler}, J.~M. and {Artacho}, E. and {Gale}, J.~D. and {Garc\'ia}, A. and {Junquera}, J. and {Ordej\'on}, P. and {S\'anchez-Portal} D.",
  journal = "\jpcm",
  volume = 14,
  number = 11,
  pages = "2745-2779",
  year = 2002
}

@Book{ Huzi-1984,
  author = "{Huzinaga}, S. and {Andzelm}, J. and {Klobukowski}, M. and {Radzio-Andzelm}, E. and {Sakai}, Y. and {Tatewaki}, H.",
  title = "Gaussian Basis Set for Molecular Calculations",
  publisher = "Elsevier",
  year = 1984
}

@Article{ PhysRevB.39.12520,
  author = "{Foulkes}, W.~M.~C. and {Haydock}, R.",
  journal = "\prb",
  volume = 39,
  number = 17,
  pages = "12520-12536",
  numpages = 16,
  year = 1989,
  publisher = "\aps"
}

@Article{ 1978JChPh..68.4406L,
  author = "{Leforestier}, C.",
  journal = "\jcp",
  year = 1978,
  volume = 68,
  number = 10,
  pages = "4406-4410",
}

@Article{ 1991ZPhyD..18..413G,
  author = "{Greer}, J.~C. and {Ahlrichs}, R. and {Hertel}, I.~V.",
  journal = "\zfp D Atoms Molecules Clusters",
  year = 1991,
  volume = 18,
  pages = "413",
}

@Article{ 1991JPC..95-5104,
  author = "{Field}, M.~J.",
  journal = "\jpc",
  volume = 95,
  number = 13,
  pages = "5104-5108",
  year = 1991
}

@Article{ 1992JChPh..97.6569,
  author = "Hartke, B. and Carter, E.~A.",
  journal = "\jcp",
  volume = 97,
  number = 9,
  pages = "6569-6578"
}

@Article{ 1994JChPh.10110092J,
  author = "Jellinek, J. and Bonacic-Kouteck{\'y}, V. and Fantucci, P. and Wiechert, M.",
  journal = "\jcp",
  year = 1994,
  volume = 101,
  number = 11,
  pages = "10092-10100"
}

@Article{1998JPCJ.10-881,
  author = "Da Silva, A.~J.~R. and Pang, J.~W. and Carter, E.~A. and Neuhause, D.",
  journal = "\jpc A",
  volume = 102,
  number = 6,
  pages = "881 -885",
  year = 1998
}

@Article{ 1995JPCJ.99-4355,
  author = "Liu, Z. and Carter, L.~E. and Carter, E.~A.",
  journal = "\jpc",
  volume = 99,
  number = 13,
  pages = "4355-4359"
}

@Article{ PhysRevB.47.558,
  author = "Kresse, G. and Hafner, J.",
  journal = "\prb",
  volume = 47,
  number = 1,
  pages = "558-561",
  numpages = 3,
  year = 1993,
  publisher = "\aps"
}

@Article{ PhysRevB.48.2081,
  author = "Barnett, R.~N. and Landman, Uzi",
%  title = "Born-Oppenheimer molecular-dynamics simulations of finite systems: Structure and dynamics of (H$_2$O)$_2$",
  journal = "\prb",
  volume = 48,
  number = 4,
  pages = "2081-2097",
  year = 1993,
  publisher = "\aps"
}

@Article{ PhysRev.159.98,
  author = "Verlet, L."
  journal = "\prb",
  volume = 159,
  number = 1,
  pages = 98,
  year = 1967,
  publisher = "\aps"
}

@Article{ 1982-JCP.76-637,
  author = "Swope, W.~C. and Andersen, H.~C. and Berens, P.~H. and Wilson, K.~R.",
  journal = "\jcp",
  volume = 76,
  number = 1,
  pages = "637-649",
  year = 1982
}

@Article{ Hartree-1928,
  author = "Hartree, D.~R.",
  journal = "Proc. Camb. Phil. Soc.",
  volume = 24,
  pages = "89",
  year = 1928
}

@Article{ 1930ZPhy...61..126F,
  author = "Fock, V.",
  journal = "\zfp",
  year = 1930,
  volume = 61,
  number = "1-2",
  pages = "126-148"
}

@PHDTHESIS{ Blaineau-2005,
  author = "Blaineau-Ortega, S.",
  title = "Propriéts physico-chimiques des verres chalcogénures GeS$_2$ et xNa$_2$S-(1-x)GeS$_2$: une étude par dynamique moléculaire ab-intio",
  school = "Universit{\'e} de Montpellier 2",
  year = 2005
}

@Article{ PhysRevB.41.5414,
  author = "{Bl\"ochl}, P.~E.",
  journal = "\prb",
  volume = 41,
  number = 8,
  pages = "5414-5416",
  numpages = 2,
  year = 1990,
  publisher = "\aps"
}

@Article{ PhysRevB.50.17953,
  author = "{Bl\"ochl}, P.E.",
  journal = "\prb",
  volume = 50,
  number = 24,
  pages = "17953-17979",
  numpages = 26,
  year = 1994,
  publisher = "\aps"
}

@Article{ PhysRevLett.97.055504,
  author = "Taraskin, S.~N. and Simdyankin, S~I. and Elliott, S.~R. and Neilson, J.~R. and Lo, T.",
  publisher = "\aps",
  year = 2006,
  journal = "\prl",
  volume = 97,
  number = 5,
  eid = {055504},
  numpages = 4,
  pages = "055504",
}

@MISC{ mpi,
  title = "\href{http://www-unix.mcs.anl.gov/mpi/}{http://www-unix.mcs.anl.gov/mpi/}"
}

@MISC{ gtk,
  title = "\href{http://www.gtk.org/}{http://www.gtk.org/}"
}

@MISC{ pangomarkup,
  title = "\href{https://developer.gnome.org/pango/stable/PangoMarkupFormat.html}{https://developer.gnome.org/pango/stable/PangoMarkupFormat.html}"
}

@MISC{ n-lgths,
  title = "\href{http://www.ncnr.nist.gov/resources/n-lenghs/}{http://www.ncnr.nist.gov/resources/n-lenghs/}"
}

@ARTICLE{ NeutronNews.3.26,
	author = "{Sears}, V.F.",
	journal = "Neutrons News",
	volume = 3,
	number = 3,
	pages = "26-37",
	year = "1992",
}

@Article{ cpmd-ref, 
  journal = "Copyright IBM Corp. 1990--2020, copyright MPI f{\"{u}}r Festk{\"{o}}rperforschung Stuttgart 1997--2001."
}

@MISC{ CPMD,
  title = "\href{http://www.cpmd.org}{http://www.cpmd.org}",
  journal = "Copyright IBM Corp. 1990--2020, copyright MPI fur Festkorperforschung Stuttgart 1997--2001."
}

@MISC{ VASP,
    title = "\href{http://cms.mpi.univie.ac.at/vasp/}{http://cms.mpi.univie.ac.at/vasp/}"
}

@MISC{ CP2K,
    title = "\href{http://cp2k.berlios.de}{http://cp2k.berlios.de}"
}

@MISC{ DLPOLY,
    title = "\href{https://www.scd.stfc.ac.uk/Pages/DL\_POLY.aspx}{https://www.scd.stfc.ac.uk/Pages/DL\_POLY.aspx}"
}

@MISC{ LAMMPS,
    title = "\href{https://lammps.sandia.gov/}{https://lammps.sandia.gov/}"
}

@MISC{ BASH,
    title = "\href{http://tldp.org/LDP/abs/html/}{http://tldp.org/LDP/abs/html/}"
}

@MISC{ GNUBASH,
    title = "\href{http://www.gnu.org/software/bash/}{http://www.gnu.org/software/bash/}"
}

@MISC{ OpenGL,
    title = "\href{https://www.opengl.org/}{https://www.opengl.org/}"
}

@MISC{ OpenMP,
  title = "\href{https://www.openmp.org/}{https://www.openmp.org/}"
}

@MISC{ ffmpeg,
    title = "\href{https://ffmpeg.org/}{https://ffmpeg.org/}"
}

@MISC{ Epoxy,
    title = "\href{https://github.com/anholt/libepoxy}{https://github.com/anholt/libepoxy}"
}

@Article{ JChemPhys.41.3199,
	author = "Slater, J.~C.",
	journal = "\jcp",
	volume = 41,
	number = 10,
	pages = "3199",
	year = "1964"
}

@Article{ DaltonTrans2832,
	author = "Cordero, B. ",
	journal = "Dalton Trans.",
	pages = "2832-2838",
	year = "2008",
	doi = {0.1039/b801115j},
}

@Article{ JPhysChem.68.441,
	author = "Bondi, A.",
	journal = "\jpc",
	volume = 68,
	number = 3,
	pages = "441",
	year = "1964"
}

@ARTICLE{ ActaCrystB.25.925,
	author = "Shannon, R.~D. and Prewitt, C.~T.",
	journal = "\actc",
	volume = "B25",
	pages = "925",
	year = "1969",
	publisher = "International Union of Crystallography"
}

@ARTICLE{ ActaCrystA.23.751,
	author = "Shannon, R.~D.",
	journal = "\actc",
	volume = "A23",
	pages = "751-76A",
	year = "1976",
	publisher = "International Union of Crystallography"
}

@Article{ RevModPhys.61.689,
  author = "Jones, R.~O. and Gunnarsson, O.",
  journal = "\rmp",
  volume = 61,
  number = 3,
  pages = "689-746",
  numpages = 57,
  year = 1989,
  publisher = "\aps"
}

@Article{ PhysRevB.2.3004,
  author = "Bhatia, A.~B. and Thornton, D.~E.",
  journal = "\prb",
  volume = 2,
  number = 8,
  pages = "3004-3012",
  numpages = 8,
  year = 1970,
  publisher = "\aps"
}

@Article{ PhysRev.156.685,
  author = "Ashcroft, N.~W. and Langreth, D.~C.",
  journal = "\pr",
  volume = 156,
  number = 3,
  pages = "685-692",
  numpages = 7,
  year = 1967,
  publisher = "\aps"
}

@Article{ PhysRev.159.500,
  author = "Ashcroft, N.~W. and Langreth, D.~C.",
  journal = "\pr",
  volume = 159,
  number = 3,
  pages = "500-510",
  numpages = 10,
  year = 1967,
  publisher = "\aps"
}

@Article{ PhysRev.166.934.2,
  author = "Ashcroft, N.~W. and Langreth, D.~C.",
  journal = "\pr",
  volume = 166,
  number = 3,
  pages = 934,
  numpages = 1,
  year = 1968,
  publisher = "\aps"
}

@Article{ PhilMag.11.153,
  author = "Faber, T.~E. and Ziman J.~M.",
  journal = "\pmm",
  volume = 11,
  number = 109,
  pages = "153-173",
  year = 1965
}

@Book{ ConsBiAl,
  author = "Shunk, F.~A.",
  title = "{Constitution of Binary Alloys - Second suplement}",
  year = 1969,
  publisher  = "McGraw-Hill, New-York"
}

@Article{ JNCS-250-1999,
  author = "Maruyama, K. and Ebata, H. and Suzuki, S. and Misawa, M. and Takeda, S. and Kawakita, Y.",
  journal = "\jncs",
  volume = "250-252",
  number = 2,
  pages = "483-487",
  year = 1999
}

@Article{ PhysRevB.65.214203,
  author = "Sunyer, E. and Jund, P. and Jullien, R.",
  journal = "\prb",
  volume = 65,
  number = 21,
  pages = 214203,
  numpages = {5},
  year = 2002,
  publisher = "\aps"
}

@Article{ Singh-a05935,
  author = "{Singh}, H.~P.",
  journal = "\acta",
  year = 1968,
  volume = 24,
  number = 4,
  pages = "469-471"
}

@Article{ PhysRevB.66.205101,
  author = "{Anglada}, E. and {Soler}, J.~M. and {Junquera}, J. and. {Artacho}, E.",
  journal = "\prb",
  volume = 66,
  number = 20,
  pages = 205101,
  numpages = 4,
  year = 2002,
  publisher = "\aps"
}

@Article{ JCP-74-862,
  author = "{Domingo}, C. and {Montero}, S",
  journal = "\jcp",
  volume = 74,
  number = 2,
  pages = "862-872",
  year = 1981
}

@Article{ JNCS.71-295,
  author = "{Wright}, A.~C. and {Sinclair}, R.~N. and {Leadbetter}, A.~J.",
  journal ="\jncs",
  volume = 71,
  number = "1-3",
  pages = "295-302",
  year = 1985,
}

@Article{ PhysRevB.46.11318,
  author = "{Br\"uning}, R.  and {Samwer}, K.",
  journal = "\prb",
  volume = 46,
  number = 18,
  pages = "11318-11322",
  year = 1992,
  publisher = "\aps"
}

@Article{ PhysRevB.49.3124,
  author = "{Br\"uning}, R.  and {Sutton}, M.",
  journal = "\prb",
  volume = 49,
  number = 5,
  pages = "3124-3130",
  numpages = 6,
  year = 1994,
  publisher = "\aps"
}

@Article{ ferlat-155202,
  author = "{Ferlat}, G. and {San Miguel}, A. and {Xu}, H. and {Aouizerat}, A. and {Blase}, X. and {Zuniga}, J. and {Munoz-Sanjose}, V.",
  publisher = "\aps",
  year = 2004,
  journal = "\prb",
  volume = 69,
  number = 15,
  eid = 155202,
  numpages = 10,
  pages = 155202
}

@Article{ PhysRevB.66.085210,
  author = "{Ferlat}, G. and {Xu}, H. and {Timoshevskii}, V. and {Blase}, X.",
  journal = "\prb",
  volume = 66,
  number = 8,
  pages = 085210,
  numpages = 6,
  year = 2002,
  publisher = "\aps"
}

@Article{ tafen-054206,
  author = "{De Nyago}, T. and Drabold, D.~A. and {Mitkova}, M.",
  publisher = "\aps",
  year = 2005,
  journal = "\prb",
  volume = 72,
  number = 5,
  eid = 054206,
  numpages = 9,
  pages = 054206
}

@Article{ PhysRevB.26.1738,
  author = "{Louie}, S.~G. and {Froyen}, S. and {Cohen}, M.~L.",
  journal = "\prb",
  volume = 26,
  number = 4,
  pages = "1738-1742",
  numpages = 4,
  year = 1982,
  publisher = "\aps"
}

@Article{ PhysRevB.59.13707,
  author = "Jund, P. and Jullien, R.",
  journal = "\prb",
  volume = 59,
  number = 21,
  pages = "13707-13711",
  numpages = 4,
  year = 1999,
  publisher = "\aps"
}

@Article{ prb.56.12847,
  author = "Marzari, N. and Vanderbilt, D.",
  journal = "\prb",
  year = 1997,
  volume = 56,
  pages = "12847-12865",
  publisher = "\aps"
}

@Article{ prl.82.370,
  author = "Resta, R. and Sorella, S.",
  journal = "\prl",
  year = 1999,
  volume = 82,
  pages = "370-373",
  publisher = "\aps"
}

@Article{elf1,
  author = "Becke, A.~D. and Edgecombe, K.~E.",
  journal = "\jcp",
  year = 1990,
  volume = 92,
  pages = "5397-5403"
}

@Article{ elf2,
  author = "{Savin}, A. and {Becke}, A.~D. and {Flad}, J. and {Nesper}, R. and {Preuss}, H. and von {Schnering}, H.~G.",
  journal = {Angew. Chem. Int. Ed. in English},
  volume = 30,
  number = 4,
  publisher = {Hüthig & Wepf Verlag},
  pages = "409-412",
  year = 1991
}

@Article{ elf3,
  author = "{Savin}, A. and {Jepsen}, O. and {Flad}, J. and {Andersen}, O.~K. and {Preuss}, H. and {von Schnering}, H.~G.",
  journal = {Angew. Chem. Int. Ed. in English},
  volume = 31,
  number = 2,
  publisher = {Hüthig & Wepf Verlag},
  doi = {10.1002/anie.199201871},
  pages = "187-188",
  year = 1992
}

@Article{ elf4,
  author = "{Savin}, A. and {Nesper}, R. and {Wengert}, S. and {Fässler}, T.~F.",
  journal = {Angew. Chem. Int. Ed. in English},
  volume = 36,
  number = 17,
  publisher = {Hüthig & Wepf Verlag},
  doi = {10.1002/anie.199718081},
  pages = "1808-1832",
  year = 1997
}

@Article{ elf5,
  author = "{Marx}, D. and {Savin}, A.",
  journal = {Angew. Chem. Int. Ed. in English},
  volume = 36,
  number = 19,
  publisher = {Hüthig & Wepf Verlag},
  doi = {10.1002/anie.199720771},
  pages = "2077-2080",
  year = 1997,
}

@Article{ cecillb,
  author = "http://www.cecill.info/"
}

@Article{ PhysRevB.28.784,
  author = "{Steinhardt}, P. and {Nelson}, D.~R. and {Ronchetti}, M.",
  journal = "\prb",
  volume = 28,
  number = 2,
  pages = "784-805",
  numpages = 22,
  year = 1983,
  publisher = "\aps"
}

@Article{ BondValence,
  author = "http://www.ccp14.ac.uk/ccp/web\-mirrors/i\_d\_brown/bond\_valence\_param/bvparm2006.cif",
  year = "2006"
}

@Article{ ActaCrystB.41.244,
  author = "{Altermatt}, D. and {Brown}, I.~D.",
  journal = "\actb",
  volume = B41,
  pages = "244-247",
  year = 1985,
  publisher = "International Union of Crystallography"
}

@Article{ ActaCrystB.29.266,
  author = "Brown, I.~D. and Shannon, R.~D.",
  journal = "\actb",
  volume = B29,
  pages = "266-282",
  year = 1973,
  publisher = "International Union of Crystallography"
}

@Article{ ChemSocFar.83-1335,
	author = "Baranyai, A. and Geiger, A. and Gartrell-Mills, P.~R. and Heinzinger, K. and McGreevy, R. and Pálinkás, G. and Ruff, I.",
	journal = "Chem. Soc. Faraday Trans. 2",
	volume = 83,
	number = 8,
	pages = "1335-1365",
	numpages = 30,
	year = "1987"
}

@Article{ jac.17-61.1984,
	author ="Thijsse, B.",
	journal = "\jac",
	pages = "61-76",
	volume = 17,
	year = "1984"
}

@MISC{ XYZ,
  author = "{Minnesota Supercomputer Center}",
  journal = "\href{Xmol}{http://www.hpc.unm.edu/~chem/xmol/xmol.html}",
  year = 1993
}

@Article{ Chem3D,
  author = "CambridgeSoft",
  journal = "Chem3D",
  pages = "Cambridge Scientific Computing, Cambridge Massachusetts, USA",
  year = 2009
}

@Article{ XML,
  author = "{World Wibe Web Consortium - W3C}",
  journal = "Extensible Markup Language (XML)",
  pages = "http://www.w3.org/XML/",
  year = 2009
}

@Article{ XMGR,
  author = "{Grace Development Team}",
  journal = "GRaphing, Advanced Computation and Exploration of data",
  pages = "http://plasma-gate.weizmann.ac.il/Grace/",
  year = "1996-2009"
}

@Article{ GPL,
  author = "{Free Software Foundation, Inc.}",
  journal = "GNU General Public Licence v3",
  pages = "http://www.gnu.org/copyleft/gpl.html",
  year = 2007
}

@Book{ AlTilde,
  author = "{Allen}, M.~P. and {Tildesley}, D.~J.",
  title = "Computer simulation of liquids",
  publisher = "Oxford science publications",
  year = 1987
}

@Book{ Eyring,
  author = "{Glasstone}, S. and {Leider}, K.~J. {Eyring}, H.",
  title = "The Theory of Rate Processes",
  publisher = "McGraw-Hill, New-York",
  year = 1941
}

@Book{ sivisco,
  author = "{Mysen}, B.~O. and {Richet}, P.",
  title = "Silicate Glasses and Melts: Structure and Properties",
  publisher = "Springer, Berlin",
  year = 2005
}

@Book{ waseda,
  author = "{Waseda}, Y.",
  note = "describes the relationship between the three sets of partial structure factors commonly used (Faber-Ziman, Ashcroft-Langreth and Bhatia-Thornton)",
  title = "The Structure of Non-Crystalline Materials",
  publisher = "McGraw-Hill, New-York",
  year = 1980
}

@Article{ EurJM.14-233.2002,
  author = "{Dove}, M.~T. and {Tucker}, M.~G. and {Keen}, D.~A.",
  journal = "\ejm",
  volume = 14,
  pages = "331-348",
  year = 2002
}

@Article{ PhysRevLett.85.3436,
  author = "{Petkov}, V.  and {Billinge}, S.~J.~L. and {Shastri}, S.~D. and {Himmel}, B. ",
  journal = "\prl",
  volume = 85,
  number = 16,
  pages = "3436-3439",
  year = 2000,
  doi = {10.1103/PhysRevLett.85.3436},
  publisher = "\aps"
}

@Article{ ChemMater.19.3162,
  author = "{Zielniok}, D. and {Cramer}, C. and {Eckert}, H.",
  journal = "\cma",
  volume = 19,
  pages = "3162-3170",
  year = 2007,
  publisher = "American Chemical Society"
}

@Article{ ActaCryst.16.640,
  author = "{Jost}, K.~H.",
  journal = "\act",
  volume = 16,
  pages = "640",
  year = 1963
}

@Article{ ActaCryst.B24.1621,
  author = "{McAdam}, A. and {Jost}, K.~H. and {Beagley}, B.",
  journal = "\act",
  volume = B24,
  pages = "1621",
  year = 1968
}

@Article{ Jpcm.10.261,
  author = "{Hoppe}, U. and {Walter}, G. and {Barz}, D. and {Hannon}, A.~C.",
  journal = "\jpcm",
  volume = 10,
  pages = "261-270",
  year = 1998
}

@Article{ ZKrist.177.149,
  author = "{Jansen}, M. and {Luer}, B.",
  journal = "\zk",
  volume = 177,
  pages = "148",
  year = 1986
}

@Article{ Jssc.127.350,
  author = "{El Arbib}, H. and {Elouadi}, B. and {Chaminade}, J.~P. and {Darriet}",
  journal = "\jssc",
  volume = 127,
  pages = "350",
  year = 1996
}

@Article{ ActaCryst.C51.1049,
  author = "{Stachel}, D. and {Svoboda}, I. and {Fuess}, H.",
  journal = "\act",
  volume = C51,
  pages = "1049",
  year = 1995
}

@Article{ Jssc.180.233,
  author = "{Ding-Bang}, X. and {Hao-Hong}, C. and {Xin-Xin}, Y. and {Jing-Tai}, Z.",
  journal ="\jssc",
  volume = 180,
  pages = "233-239",
  year = 2007
}

@Article{ SSNMR.32.89,
  author = "{Strojek}, W. and {Fehse}, C.~M. and {Eckert}, H. and {Ewald}, B. and {Kniep}, R.",
  journal = "\ssnmr",
  volume = 32,
  pages = "89-98",
  year = 2007
}

@Article{ MCP.11.455,
  author = "{Qiu}, D. and {Guerry}, P. and {Ahmed}, I. and {Pickup}, D.~M. and {Carta}, D. and {Knowles}, J.~C. and {Smith}, M.E. and {Newport}, R.~J.",
  journal = "\mcp",
  volume = 111,
  pages = "455-462",
  year = 2008
}

@Article{ ActaCryst.16-594,
  author = "{Marezio}, M. and {Plettinger}, H.~A. and {Zachariasen}, W.~H.",
  journal = "\act",
  volume = 16,
  pages = "594",
  year = 1963
}

@Article{ ActaCryst.B30.578,
  author = "{Krogh-Moe}, J.",
  journal = "\act",
  volume = B30,
  pages = "578",
  year = 1974
}

@Article{ ssc129-239,
  author = "{Petkov}, V. and {Qadir}, D. and {Sastri}, S.",
  journal = "\ssc",
  volume = 129,
  pages = "239",
  year = 2004
}

@Article{ PhysRevLett.85-3436,
  author = "{Petkov}, V. and {Billinge}, S.~J.~L. and {Shastri}, S. and {Himmel}, B.",
  journal = "\prl",
  volume = 85,
  number = 16,
  pages = " 3436–3439",
  numpages = 3,
  year = 2000,
  publisher = "\aps"
}


@Article{ ActaCryst.B30.578,
  author = "{Petkov}, V.",
  journal = "\jac",
  volume = 22,
  pages = "387",
  year = 1989
}

@Article{ jncs31-1,
  author = "{Wagner}, C.~N.~J.",
  journal = "\jncs",
  volume = 31,
  pages = "1",
  year = 1978
}

@Article{ rmcpp,
  author = "{Gereben}, O. and {J\'ov\'ari}, P. and {Temleitner}, L. and {Pusztai}, L.",
  journal = "\joam",
  volume = 9,
  number = 10,
  pages = "3021-3027",
  year = 2007
}

@Article{ PhysRevB.8.5947,
  author = "{Tronc}, P.  and {Bensoussan}, M.  and {Brenac}, A.  and {Sebenne}, C.",
  journal = "\prb",
  volume = 8,
  number = 12,
  pages = "5947-5956",
  numpages = 9,
  year = 1973,
  doi = {10.1103/PhysRevB.8.5947},
  publisher = "\aps"
}

@Article{ PhilosMagB.80.1757,
  author = "{Boolchand}, P. and {Bresser}, W.~J.",
  journal = "\plmb",
  volume = 80,
  pages = "1757",
  year = 2000
}

@Article{ Nat.410-1070,
  author = "{Boolchand}, P. and {Bresser}, W.~J.",
  journal = "\nat\ (london)",
  volume = 410,
  pages = "1070",
  year = 2001
}

@Article{ Jpcm.19.455206,
  author = "Inam, F. and Shatnawi, M.~T. and Tafen, D. and Billinge, S.~J.~L. and Chen, P. and Drabold, D.~A.",
  journal = "\jpcm",
  volume = 19,
  number = 45,
  pages = "455206",
  year = 2007
}

@Article{ PhysRevB.39.6034,
  author = "Vashishta, P. and Kalia, R.~K. and Ebbsj{\"o}, I.",
  journal = "\prb",
  volume = 39,
  number = 9,
  pages = "6034-6047",
  numpages = 13,
  year = 1989,
  doi = {10.1103/PhysRevB.39.6034},
  publisher = "\aps"
}

@Article{ PhysRevB.60.16928,
  author = "{Rosato}, V. and Celino, M. and {Benedek}, G. and {Gaito}, S.",
  journal = "\prb",
  volume = 60,
  number = 24,
  pages = "16928-16933",
  numpages = 5,
  year = 1999,
  doi = {10.1103/PhysRevB.60.16928},
  publisher = "\aps"
}

@Article{ jac.89.2323,
  author = "{Mauro}, J.~C. and {Varshenya}, A.~K.",
  journal = "\jamcs",
  volume = 89,
  number = 7,
  pages = "2323-2326",
  year = 2006
}

@Article{ jac.90.192,
  author = "Mauro, J.~C. and Varshenya, A.~K.",
  journal = "\jamcs",
  volume = 90,
  number = 1,
  pages = "192-198",
  year = 2007
}

@Article{ pccp.4.3396,
  author = "{St\o len}, S. and Grande, T. and Hege-Britt, J.",
  journal = "Phys. Chem. Chem. Phys.",
  year = 2002,
  volume = 4,
  pages = "3396-3399",
  doi = {10.1039/b201396g}
}

@Article{ jssc.145.167,
  author = "Grande, T. and Ishii, M. and Akaishi, M. and Aasland, S. and Fjellv{\aa}g, H. and St{\o}len S.",
  journal = "\jssc",
  year = 1999,
  volume = 145,
  pages = "167"
}

@Article{ jap.113.134302,
  author = "Kim, K.~Y. and Cho, D.~Y. and Cheong, B. and Kim, D. and Horii, H. and Han, S.",
  journal = "\jap",
  volume = 113,
  pages = "134302",
  year = 2013
}

@Article{ apl.131901,
  author = "Chen, G. and Inam, F. and Drabold, D.~A.",
  journal = "\apl",
  year = 2010,
  volume = 97,
  number = 13,
  pages = "131901"
}

@Article{ PhysRevB.72.172107,
  author = "Bychkov, E. and Benmore, C.~J. and Price, D.~L.",
  journal = "\prb",
  volume = 72,
  pages = 172107,
  numpages = 4,
  year = 2005,
  publisher = "\aps"
}

@Article{ JNCS.352.63,
  author = "Bychkov, E. and Miloshova, M. and and Price, D.~L. and Benmore, C.~J. and Lorriaux, A.",
  journal = "\jncs",
  volume = 352,
  pages = "63-70",
  numpages = 7,
  year = 2006
}

@Article{ PhysRevLett.100.115501,
  author = "Antao, S.~M. and Benmore, C.~J. and Li, B. and Wang, L. and Bychkov, E. and Parise, J.~B.",
  journal = "\prl",
  volume = 100,
  issue = 11,
  pages = "115501",
  year = 2008,
  publisher = "\aps",
  doi = {10.1103/PhysRevLett.100.115501}
}

@Article{ jncs.232.702,
  author = "Wang, Y. and Matsuda, O. and Inoue, K. and Yamamuro, O. and Matsuo, T. and Murase, K.",
  journal = "\jncs",
  volume = "232-234",
  pages = "702",
  year = 1998
}

@Article {prb.35.1345,
  author = "Sugai, S.",
  journal = "\prb",
  volume = 35,
  pages = "1345",
  year = 1987,
  publisher = "\aps"
}

@Article{ jcp.125.224106,
  author = "Krukau, A.~V. and Vydrov, O.~A. and Izmaylov, A.~F. and Scuseria, G.~S.",
  journal = "\jcp",
  volume = 125,
  pages= "224106",
  year = 2006
}

@Article{ jssc.150.121,
  author = "Grzechnik, A. and St{\o}len, S. and Bakken, E. and Grande, T. and Mezouar, M.",
  journal = "\jssc",
  volume = 150,
  pages= "121",
  year = 2000
}

@Article{ JNCS.22.277,
  author = "Ruska, J. and Thurn, H.",
  journal = "\jncs",
  volume = 22,
  pages = "277-290",
  year = 1976
}

@Article{ JPSJ.65.230,
  author = "Okada, T. and Satoh, T. and Matsumura, M. and Ohno, S.",
  journal = "\jpsj",
  volume = 65,
  pages = "230-236",
  year = 1996
}

@Article{ JNCS.205.106,
  author = "Maruyama, K. and Misawa, M. and Inui, M. and Takeda, S. and Kawakita, Y. and Tamaki, S.",
  journal = "\jncs",
  volume = "205-207",
  pages = "106-109",
  year = 1996
}

@Article{ JNCS.18.33,
  author = "Azoulay, R. and Thibierge, H. and Brenac, A.",
  journal = "\jncs",
  volume = 18,
  pages = "33-53",
  year = 1975
}

@Article{ JNCS.35.1221,
  author = "Bellissent, R. and Tourand, G.",
  journal = "\jncs",
  volume = "35-36",
  pages = "1221-1226",
  year = 1980
}

@Article{ PhysRevB.43.3856,
  author = "Hohl, D. and Jones, R.~O.",
  journal = "\prb",
  volume = 43,
  pages = "3856-3870",
  year = 1991
}

@Article{ PhysRevB.59.3501,
  author = "Kresse, G. and Kirchhoff, F. and Gillan, M.~J.",
  journal = "\prb",
  volume = 59,
  pages = "3501-3513",
  year = 1999
}

@Article{ PhysRevB.65.165118,
  author="Alfe, D. and Price, G.~D. and Gillan, M.~J.",
  journal="\prb",
  volume=65,
  number=16,
  pages="165118",
  year=2002,
  publisher= "\aps"
}

@Article{ PhysRevB.77.014206,
  author = "Munejiri, S. and Masaki, T. and Itami, T. and Shimojo, F. and Hoshino, K.",
  journal = "\prb",
  volume = 77,
  pages = 014206,
  year = 2008,
  publisher= "\aps"
}

@Article{ PhysRevB.77.094134,
  author = "Shatnawi, M.~T.~M. and Farrow, C.~L. and Chen, P. and Boolchand, P. and Sartbaeva, A. and Thorpe, M.~F. and Billinge, S.~J.~L.",
  journal = "\prb",
  volume = 77,
  pages = 094134,
  year = 2008,
  publisher= "\aps"
}

@Article{ PhysRevB.75.224204,
  author = "Sartbaeva, A. and Wells, S.~A. and Huerta, A. and Thorpe, M.~F.",
  journal = "\prb",
  volume = 75,
  pages = 224204,
  year = 2007,
  publisher= "\aps"
}


@Article{ JPhysColl.C8.145,
  author = "{Chieux}, P. and {Ruppersberg}, H.",
  note = "discuss the case when $S_{\rm NC}(k) = 0$ which corresponds to $g_{\rm NC}(r)$ = 0.
      Then $c_{\rm Ge}g_{\rm GeGe}(r) + c_{\rm Se}g_{\rm GeSe}(r) = c_{\rm Se}g_{\rm SeSe}(r) + c_{\rm Ge}g_{\rm SeGe}(r)$
      for all $r$ values and $\bar{n}_{\rm Ge} = \bar{n}_{\rm Se}$ such that the generalized Warren-Cowley short range
      chemical order parameter reduces to the more usual expression
      $\alpha_w^\prime = 1 - \bar{n}_{\rm GeSe}/c_{\rm Se}\bar{n} = \left(4\pi\, n_0 / \bar{n}\right)\int_{r_1}^{r_2} {\rm d}r\, g_{\rm CC}(r) r^2$
      where $r_1$ and $r_2$ denote the minima on either side of the first peak in $g_{\rm CC}(r)$.
      Since $g_{\rm CC}(r) = c_{\rm Ge}c_{\rm Se}\left[g_{\rm GeGe}(r) + g_{\rm SeSe}(r) - 2g_{\rm GeSe}(r)\right]$,
      a preference for heteropolar bonds corresponds to $\alpha_w^\prime < 0$ whereas a preference for homopolar bonds corresponds to $\alpha_w^\prime > 0$.",
  journal = "J. Phys. Coll.",
  volume = 41,
  pages = "C8-145",
  year = 1980
}

@Article{ JNCS.43.91,
  author = "{Cargill III}, G.~S. and {Spaepen}, F.",
  journal = "\jncs",
  volume =43,
  pages = "91-97",
  year = 1981
}

@Article{ AtomicEnergyRev.1.101,
  author = "{Wagner}, C.~N.~J. and {Ruppersberg}, H.",
  journal = "Atomic Energy Rev.",
  volume =1,
  pages = 101,
  year = 1981
}

@Article{ JPhysF.17.315,
  author = "{Maret}, M. and {Chieux}, P. and {Hicter}, P. and {Atzmon}, M. and {Johnson}, W.~L.",
  journal = "J. Phys. F: Metal Phys.",
  volume = 17,
  pages = "315-333",
  year = 1987
}

@Article{ opti-exp.12.2501,
  author = "{Huang}, C.~C. and {Hewak}, D.~W. Hewak and {Badding}, J.~V.",
  journal = "Optics Express",
  volume = 12,
  pages = "2501-2506",
  year = 2004
}

@Article{ J-app-phys.100.113115,
  author = "{Naohiko}, K. and {Tatsuo}, F. and {Yasuhiko}, T. and {Akihiro}, T. and {Tomoyoshi}, M. and {Shoichi}, K.",
  journal = "\jap",
  volume = 10,
  pages = "113115",
  year = 2006
}

@Article{ jncs.243.116,
  author = "{M\'alek}, J. and {Sh\'anelov\'a}, J.",
  journal = "\jncs",
  volume = 243,
  pages = "116",
  year = 1999
}

@Article{ MicroEng.88.807,
  author = "{Sousa}, V.",
  journal = "Microelectronic Engineering",
  volume = 88,
  number = 5,
  pages = "807-813",
  year = 2011,
  doi = "10.1016/j.mee.2010.06.042"
}

@Article{ Nanotech.22.254003,
  author = "Valov, I. and Waser, R. and Jameson, J.~R. and Kozicki, M.~N.",
  journal = "Nanotechnology",
  volume = 22,
  pages = "254003",
  year = 2011
}

@article{ PhysRevB.71.174201,
  author = "Wang, F. and Mamedov, S. and Boolchand, P. and Goodman, B. and Chandrasekhar, M.",
  journal = "\prb",
  volume = 71,
  issue = 17,
  pages = "174201",
  year = 2005,
  publisher = "\aps",
  doi = {10.1103/PhysRevB.71.174201}
}

@article{ jpcc.118.5110,
  author = "Kalkan, B. and Dias, R.~P. and Yoo, C.-S. and Clark, S.~M. and Sen, S.",
  journal = "\jpcc",
  volume = 118,
  number = 10,
  pages = "5110-5121",
  year = 2014,
  doi = {10.1021/jp4108602}
}

@article{ PhysRevB.87.024201,
  author = "Skinner, L.~B. and Barnes, A.~C. and Salmon, P.~S. and Hennet, L. and Fischer, H.~E. and Benmore, C.~J. and Kohara, S. and Weber, J.~K.~R. and Bytchkov, A. and Wilding, M.~C. and Parise, J.~B. and Farmer, T.~O. and Pozdnyakova, I. and Tumber, S.~K. and Ohara, K.",
  journal = "\prb",
  volume = 87,
  issue = 2,
  pages = "024201",
  year = 2013,
  publisher = "\aps",
  doi = {10.1103/PhysRevB.87.024201}
}

@article{ Jpcc.116.2212,
  author = "Skinner, L.~B. and Benmore, C.~J. and Antao, S. and Soignard, E. and Amin, S.~A. and Bychkov, E. and Rissi, E. and Parise, J.~B. and Yarger, J.~L.",
  journal = "\jpcc",
  volume = 116,
  pages = "2212",
  year = 2012
}

@article{mp.93.511,
  author = "Chau, P.~L. and Hardwick, A.~J.",
  journal = "\molp",
  volume = 93,
  pages = "511",
  year = 1998
}

@article{nat.409.318,
  author = "Errington, J.~R. and Debenedetti, P.~G.",
  journal = "\nat",
  volume = 409,
  pages = "318",
  year = 2001
}

@article{ic.16.2094,
  author = "Shimada, M. and Dachille, F.",
  journal = "\ic",
  volume = 16,
  pages = "2094",
  year = 1997
}

@Article{ SSE.58.54, 
  author = "Gopalan, C. and Ma, Y. and Gallo, T. and Wang, J. and Runnion, E. and Saenz, J. and Koushan, F. and Blanchard, P. and Hollmer, S.",
  journal = "Solid-State Electronics",
  volume = 58,
  number = 1,
  pages = "54-61",
  year = 2011,
  doi = "10.1016/j.sse.2010.11.024"
}

@Article{ PhysRevB.80.214114,
  author = "Lucas, P. and King, E.~A. and Gulbiten, O. and Yarger. J.~L. and Soignard, E. and Bureau, B.",
  journal = "\prb",
  volume = 80,
  pages = "214114",
  year = 2009
}

@Article{ JCP.114.8601,
  author = "Gjersing, E.~L. and Sen, S. and Aitken, B.~G.",
  journal = "\jcp",
  volume = 114,
  pages = "8601",
  year = 2010
}

@Article{ PhysRevB.84.014201,
  author = "Hosokawa, S. and Oh, I. and Sakurai, M. and Pilgrim, W.~C. and Boudet, N. and {B\'erar}, J.~F. and Kohara, S.",
  journal = "\prb",
  volume = 84,
  pages = "014201",
  year = 2011
}

@Article{ JAppl.Phys.105.103704,
author = "Golovchak, R. and Shpotyuk, O. and Kozyukhin, S. and Kovalskiy, A. and Miller, A.~C. and Jain, H.",
  journal = "\jap",
  volume = 105,
  pages = "103704",
  year = 2009
}

@Article{ jncs.240.221,
  author = "Rao, N.~R. and Krishna, P.~S.~R. and Basu, S. and Dasannacharya, B.~A. and Sangunni, K.~S. and Gopal, E.~S.~R.",
  year = 1998,
  pages = "221-231",
  volume = 240,
  journal = "\jncs",
  numpages = {10}
}

@Article{ Org.Lett.10-5333,
  author = "Guo, X. and Watson, M.~D.",
  journal = "\ogl",
  year = 2008,
  volume = 10, 
  number = 23,
  pages = "5333-5336"
}

@Article{ Org.Lett.13-2560,
  author = "{Mohebbi}, A.~R. and {Munoz}, C. and {Wudl}, F.",
  journal = "\ogl",
  year = 2011,
  volume = 13, 
  number = 10,
  pages = "2560-2563"
}

@Article{ J.Mat.Chem.22-4459,
  author = "Usta, H. and Kim, C. and Wang, Z. and Lu, S. and Huang, H. and Facchetti, A. and Marks, T.~J.",
  journal = "\jmc",
  year = 2012,
  pages = "4459-4472",
  volume = 22
}

@Article{ JACS.129-15259,
  author = "{Jones}, B.~A. and {Facchetti}, A. and {Wasielewski}, M.~R. and {Marks}, T.~J.",
  year = 2007,
  pages = "15259-15278",
  volume = 129,
  journal = "\jacs"
}

@Article{ Chem.Comm.47-10112,
  author = "{Katsuta}, S. and {Tanaka}, K. and {Maruya}, Y. and {Mori}, S. and {Masuo}, S. and {Okujima}, T. and {Uno}, H. and {Nakayamabe}, K. and {Yamada}, H.",
  journal = "\cc",
  year = 2011,
  volume = 47, 
  pages = "10112-10114"
}

@Article{ Chem.Comm.48-1254,
  author = "{Chen}, S. and {Zhang}, Q. and {Zheng}, Q. and {Tang}, C. and {Lu}, C.~Z.",
  journal = "\cc",
  year = 2012,
  volume = 48, 
  number = 9, 
  pages = "1254-1256"
}

@Article{ PhysRevB.39-1871,
  author = "{Van de Walle}, C.~G.",
  journal = "\prb",
  year = 1989,
  volume = 39, 
  number = 3, 
  pages = "1871-1883"
}

@Article{ AdvEnergMat.3-1118,
  author = "{Bura}, T. and {Leclerc}, N. and {Bechara}, R. and {Lévêque}, P. and {Heiser}, T. and {Ziesse}, R.",
  journal = "Adv. Energy Mater.",
  year = 2013,
  volume = 3, 
  pages = "1118"
}

@Article{ damped-MD,
  author = "Probert, M.~I.~J.",
%  title = "Improved algorithm for geometry optimisation using damped molecular dynamics",
  journal = "J.~Comput.~Phys.",
  year = 2003,
  volume = 191,
  number = 1, 
  pages = "130-146"
}

@Article{ WFCwater1,
  author = "Boero, M.",
  journal = "\jpc~A",
  year = 2007,
  volume = 111, 
  pages = "12248"
}

@Article{ WFCsilicon,
  author = "Silvestrelli, P.~L. and Marzari, N. and Vanderbilt, D. and Parrinello, M.",
  journal = "\ssc",
  year = 1998,
  volume = 107, 
  pages = "7"
}

@Article{ C5CP04416B,
  author = "Bouessel du Bourg, L. and Roiland, C. and Le Polles, L. and Deschamps, M. and Boussard-Pledel, C. and Bureau, B. and Pickard, C.~J. and Furet, E.", 
  journal  ="\pccp",
  year  = 2015,
  volume = 17,
  issue = 43,
  pages  ="29020-29026",
  publisher  ="The Royal Society of Chemistry",
  doi  ="10.1039/C5CP04416B"
}

@Article { pcg-39-2-1998,
   author = "Zhao, X. and Higuchi, H. and Kawamoto, Y.",
   journal = "\pcg",
   volume = 39,
   number = 2,
   year = 1998,
   pages = "98-100"
}

@Article{ PhysRevB.65012206,
  author = "Jackson, K. and Grossman, S.",
  journal = "\prb",
  year = 2001,
  volume = 65, 
  number = 1, 
  pages = "012206"
}

@Article{ PhysRevB.5612487,
  author = "Marzari, N. and Vanderbilt, D.",
  journal = "\prb",
  year = 1997,
  volume = 56, 
  number = , 
  pages = "12847"
}

@Article{ PhysRevB.52191,
  author = "Wannier, G. H.",
  journal = "\prb",
  year = 1937,
  volume = 52, 
  number = , 
  pages = "191"
}

@Article{ NatMat62842007,
  author = "Wuttig, M. and Yamada, N.",
  journal = "Nature Materials",
  year = 2007,
  volume = 6, 
  number = , 
  pages = "824"
}

@Article{ PhysRevLett.100.053002,
  author = "Silvestrelli, P.L.",
  journal = "\prl",
  volume = 100,
  pages = "053020",
  year = 2008,
  publisher = "\aps",
  doi = {10.1103/PhysRevLett.100.053002}
}

@Article{ Frontiers,
  author = "Massobrio, C. and Martin, E. and Chaker, Z. and Boero, M. and Bouzid, A. and Le Roux, S. and Ori, G.",
  journal = "Frontiers in Materials",
  volume = 5,
  pages = "78",
  year = 2018
  publisher = ""
}

@Article{JAPPPHYS114033525,
  author = "Lampin, E. and Palla, P.~L. and Francioso, P.-A. and Cleri, F.",
  journal = "\jap",
  volume = 114,
  number = 3,
  pages = "033525",
  year = 2013
}

@Article{jcp-147-044504,
  author = "Lampin, E. and Bouzid, A. and Ori, G. and Boero, M. and Massobrio, C",
  journal = "\jcp",
  volume = 147,
  number = 4,
  pages = "044504",
  year = 2017,
  doi = {10.1063/1.4986166}
}

@Book{ Sommerfeld,
  author = "Sommerfeld, A.",
  title = "Lectures on Theoretical Physics, Partial Differential Equations in Physics, vol.6",
  publisher = "{Academic Press}",
  year = 1949
}

@Article{PhysRevB.94.054304,
  author = "Zaoui, H. and Palla, P.~L. and Cleri, F. and Lampin, E.",
  journal = "\prb",
  volume = 94,
  issue = 5,
  pages = "054304",
  year = 2016,
  publisher = "\aps"
}

@Article{Zhang09,
  author = "Zhang, S.-N. and He, J. and Zhu, T.-J. and Zhao, X.-B. and Tritt, T.M.",
  year = 2009,
  pages = "79-83",
  volume = 355,
  journal = "\jncs"
}

@article{ PhysRevLett.91.205501,
  author = "D\'avila, L\'{\i}lian P. and Caturla, M.-J. and Kubota, A. and Sadigh, B. and D\'{\i}az de la Rubia, T. and Shackelford, J.~F. and Risbud, S.~H. and Garofalini, S.~H.",
  journal = "\prl",
  volume = 91,
  issue = 20,
  pages = 205501,
  year = 2003,
  publisher = "\aps",
  doi = {10.1103/PhysRevLett.91.205501}
}
 
@Article{ Nat.Mat.4.851,
  author = "Lee, S.~K. and ENG, P.~J. and Mao, H.~K. and Meng, Y. and Newville, M. and Hu, M.~Y. and Shu, J.",
  journal = "\nat. Mat.",
  volume = 4,
  pages = "851", 
  year = 2005
}

@Article{ prb.75.024205,
  author = "Liang, Y. and Miranda, C.~R. and Scandolo, S.",
  journal = "\prb",
  volume = 75,
  pages = "024205",
  year = 2007,
  publisher = "\aps"
}
 
@Article{ jpcm.22.152102,
  author = "Marrocchelli, D. and Salanne, M. and Madden, P.~A.",
  journal = "\jpcm",
  volume = 22,
  pages = "152102",
  year = 2010
}
 
@article{ mp.100.3847,
  author = "Domene C. and Fowler, P.~W. and Wilson, M. and Madden, P.~A.",
  year = 2002,
  doi = {10.1080/0026897021000028401},
  volume = 100,
  pages = "3847-3865",
  journal = "\molp",
  number = 24
}
 
@Article{ csr.25.339,
  author ="Madden, P.~A. and Wilson, M.",
  journal = "Chem. Soc. Rev.",
  volume = 25,
  issue = 5,
  pages = "339-350",
  year = 1996,
  doi = {10.1039/CS9962500339}
}

@Article{ jncs.326.120,
  author = "Kaban, I. and Halm, T. and Hoyer, W. and Jovari, P. and Neuefeind, J.",
  journal = "\jncs",
  volume = 326,
  pages = "120",
  year = 2003
}
 
@Article{ PhysRevB.88.174203,
  author = "Los, J.~H. and K{\"u}ne, T.~D. and Gabardi S. and Bernasconi, M.",
  journal = "\prb",
  volume = 88,
  pages = "174203",
  year = 2013,
  publisher = "\aps"
}
 
@Article{ OptMat.33.660,
  author = "Maurugeon, S. and Bureau, B. and Boussard-Pl{\'e}del, C. and Faber A. and Lucas, P. and Zhang, X.~H. and Lucas, J.",
  journal = "Optical Materials",
  volume = 33,
  pages = "660",
  year = 2011
}
 
@Article{ Fib.1.110,
  author = "Lucas, P. and Boussard-Pl{\'e}del, C. and Wilhelm, A. and Danto, S. and Zhang, X.~H. and Houizot, P. and Maurugeon, S. and Conseil, B. and Bureau, B.",
  journal = "Fibers",
  volume = 1,
  pages = "110",
  year = 2013
}
 
@Article{ ChiPL.30.058101,
  author = "Run, L. and Shi-Yu, T. and Gang, B. and Qiao-Nan, Y. and Xue-Xin, L. and Yi-Dong, X. and Jiang, Y. and Zhi-Guo, L.",
  journal = "Chin. Phys. Lett.",
  volume = 30,
  pages = "058101",
  year = 2013
}
 
@Article{JApP.109.066104,
  author = "Jiang, H. and Guo, K. and Xu, H. and Xia, Y. and Jiang, K. and Tang, F. and Yin, J. and Liu Z.",
  journal = "\jap",
  volume = 109,
  pages = "066104",
  year = 201%1
}

@article{ Cms.36.254,
  author = "Henkelman, G. and Arnaldsson, A. and J{\` o}nsson H.",
  title = "A fast and robust algorithm for Bader decomposition of charge density",
  year = 2006,
  journal = "\cms",
  volume = 36,
  number = 3,
  pages = "354-360",
  doi = {10.1016/j.commatsci.2005.04.010}
}

@book{ wiley.nolan.2006,
   author = "Nolan, S.P.",
   title = "$N$-Heterocyclic Carbenes in Synthesis",
   year = 2006,
   publisher = "John Wiley \& Sons, Ltd"
}

@book{ springer.glorius.2007,
   author = "Glorius, F.",
   title = "$N$-Heterocyclic Carbenes in Transition Metal Catalysis",
   year = 2007,
   publisher = "Springer-Verlag Berlin Heidelberg"
}

@book{ rsc.diez.2011,
   author = "D\'iez-Gonz\'alez, S.",
   title = "$N$-Heterocyclic Carbenes, From Laboratories Curiosities to Efficient Synthetic Tools",
   year = 2011,
   publisher = "The Royal Society of Chemistry"
}

@Article{ wanz.ang.1968,
   author = "Wanzlick, H.W. and Schonherr, H.J.",
   journal = "Angew. Chem. Int. Ed. Engl.",
   year = 1968,
   volume =  7, 
   pages = "141"
}

@Article{ ofele.organo.1968,
   author = "Öfele, K.",
   journal = "Organomet. Chem.",
   volume = 12,
   pages = "42",
   year = 1968
}

@Article{ jacs.110.6463,
   author = "Igau, A. and Grutzmacher, H. and Baceireido, A. and Bertrand, G.",
   journal = "\jacs",
   volume = 110,
   pages = "6463",
   year = 1988
}

@Article{ jacs.113.9704,
   author = "Arduengo, A.J. III and Kline, M. and Calabrese, J.C. and Davidson, F.",
   journal = "\jacs",
   volume = 113,
   pages = "9704",
   year = 1991
}

@Article{ jorgachem.694.604,
   author = "Bellemin-Laponnaz, S. and Welter, R. and Brelot, L and Dagorne, S.",
   journal = "J. Organomet. Chem.",
   volume = 694,
   pages = "604",
   year = 2009
}

@Article{ organomet.29.1191,
   author = "Romain, C. and Brelot, L. and Bellemin-Laponnaz, S. and Dagorne, S.",
   journal = "Organometallics",
   volume = 29,
   pages = "1191",
   year = 2010
}

@Article{ chemcom.48.2213,
   author = "Romain, C. and Heinrich, B. and Bellemin-Laponnaz, S. and Dagorne, S.",
   journal = "Chem. Commun.",
   volume = 48,
   pages = "2213",
   year = 2012
}

@Article{ organomet.32.2736,
   author = "Dagorne, S. and Bellemin-Laponnaz, S. and Romain, C.",
   journal = "Organometallics",
   volume = 32,
   pages = "2736",
   year = 2013
}

@Article{ inorg.chem.53.2014,
  author = "Romain, C. and Choua, S. and Collin, J.-P. and Heinrich, M. and Bailly, C. and Karmazin-Brelot, L. and Bellemin-Laponnaz, S. and Dagorne, S.",
  journal = "Inorg. Chem.",
  volume = 53,
  number = 14,
  pages = "7371-7376",
  year = 2014
}

@article { inorg.chem.56.2017,
  author = "Harris, C.~F. and Bayless, M.~B. and van Leest, N.~P. and Bruch, Q.~J. and Livesay, B.~N. and Bacsa, J. and Hardcastle, K.~I. and Shores, M.~P. and de Bruin, B. and Soper, J.~D.",
  journal = "Inorg. Chem.",
  volume = 56,
  number = 20,
  pages = "12421-12435",
  year = 2017
}

@Article{ inorg.chem.59.2020,
  author = "Gravogl, L. and Heinemann, F.~W. and Munz, D. and Meyer, K.",
  journal = "Inorg. Chem.",
  volume = 59,
  number = 8,
  pages = "5632-5645",
  year = 2020
}

@article { nature2014,
  author = "Hopkinson, M. and Richter, C. and Schedler, M. and Glorius, F.",
  journal = "Nature",
  volume = 510,
  number = 7506,
  pages = "485–496",
  year = 2014
}

@article { ChemRev2013,
  author = "Nelson, D.~J. and Nolan, S.~P.",
  journal = "Chem. Soc. Rev.",
  volume = 42,
  number = 16,
  pages = "6723-6753",
  year = 2013
}

@article { JOrgChem2009,
  author = "B{\" u}schel, S. and Bannenberg, T. and Hrib, C.~G. and Gl{\" u}ckner, A. and Jones, P.~G. and Tamm, M.",
  journal = "J.~Organomet.~Chem.",
  volume = 694,
  number = 7,
  pages = "1244-1250",
  year = 2009
}

@article { InorChimActa2010,
  author = "Gl{\"o}ckner, A. and Arif, A.~M. and Ernst, R.~D. and Bannenberg, T. and Daniliuc, G.~C. and Jones, P.~G. and Tamm, M.",
  journal = "Inorganica Chimica Acta",
  volume = 364,
  number = 1,
  pages = "23-29",
  year = 2010
}

@article { TbPc1,
  author = "Amokrane, A. and Klyatskaya, S. and Boero, M. and Ruben, M. and Bucher, J.-P.",
  journal = "ACS Nano",
  volume = 11,
  number = 11,
  pages = "10750-10760",
  year = 2017
}  

@article { TbPc2,
  author = "Barhoumi, R. and Amokrane, A. and Klyatskaya, S. and Boero, M. and Ruben, M. and Bucher, J.-P.",
  journal = "Nanoscale",
  volume = 11,
  number = 44,
  pages = "21167-21179",
  year = 2019
}

@article { cr500227y.2014,
  author = "Bellemin-Laponnaz, S. and Dagorne, S.",
  journal = "Chem. Rev.",
  volume = 114,
  pages = "8747",
  year = 2014
}

@article { Zhang2015,
  author = "Zhang, D. and Zi, G.",
  journal = "Chem. Soc. Rev.",
  volume = 44,
  pages = "1898",
  year = 2015
}

@article { munz2018,
  author = "Munz, D.",
  journal = "Organometallics",
  volume = 37,
  pages = "275",
  year = 2018
}

@article { jacobsen2006,
  author = "Jacobsen, H. and Correa, A. and Costabile, C. and Cavallo, L.",
  journal = "J. Organomet. Chem.",
  volume = 691,
  number = 21,
  pages = "4350-4358",
  year = 2006
}

@article { niehues2002,
  author = "Niehues, M. and Kehr, G. and Erker, G. and Wibbeling, B. and Frohlich, R. and Blacque, O. Berke, H.",
  journal = "J.~Organomet.~Chem.",
  volume = 663,
  pages = "192-203",
  year = 2002
}

@article { horrer2019,
  author = "Horrer, G. and Krahfus, M.J. and Lubitz, K. and  Krummenacher, I. and Braunschweig, H. and Radius, U.",
  journal = "Eur.~J.~Inorg.~Chem.",
  volume = 2020,
  pages = "281-291",
  year = 2020
}

@article { bell2020,
  author = "Romain, C. and Bellemin-Laponnaz, S. and Dagorne, S.",
  journal = "Coord.~Chem.~Rev.",  volume = 422,
  pages = "213411",
  year = 2020
}

@article { bell2010b,
  author = "Romain, C. and Miqueu, K. and Sotiropoulos, J.~M. and Bellemin-Laponnaz, S. and Dagorne, S.",
  journal = "Angew.~Chem.",
  volume = 122,
  pages = "2244",
  year = 2010
}

@article { tonner2007,
  author = "Tonner, R. and Heydenrych, G. and Frenking, G.",
  journal = "Chem.~Asian~J.",
  volume = 2,
  number = 12,
  pages = "1555-1567",
  year = 2007
}

@article { ChemRev.100.39,
  author = "Bourissou, D. and Guerret, O. and Gabba{\" i}, F.~P. and Bertrand, G.",
  journal = "Chem. Rev.",
  volume = 100,
  number = 1,
  pages = "39-92",
  year = 2000,
  doi = "10.1021/cr940472u"
}

@Article{ ChemSocRev.39.1903,
  author = "Mercs, L. and Albrecht, M.",
  journal = "Chem. Soc. Rev.",
  year  = 2010, 
  volume  = 39,
  number  = 6,
  pages  = "1903-1912",
  doi  = "10.1039/B902238B"
}

#Agostic

@Article {organo.16.1846,
  author = "Braga, D. and Grepioni, F. and Tedesco, E. and Biradha, K. and Desiraju, G.~R.",
  journal = "Organometallics",
  volume = 16,
  number = 9,
  pages = "1846-1856",
  year = 1997,
  doi = "10.1021/om9608364"
}

@Article {organo.25.118,
  author = "von Frantzius, G. and Streubel, R. and Brandhorst, K. and Grunenberg, J.",
  journal = "Organometallics",
  volume = 25,
  number = 1,
  pages = "118-121",
  year = 2006,
  doi = "10.1021/om050489a"
}

#Anagostic

@Article {organo.27.2231,
  author = "Huynh, H.~V. and Wong, L.~R. and Ng, P.~S.",
  journal = "Organometallics",
  volume = 27,
  number = 10,
  pages = "2231-2237",
  year = 2008,
  doi = "10.1021/om800004j"
}

#Atomes

@MISC{ atomes,
  title = "\href{https://www.conectus.fr/atomes}{https://www.conectus.fr/atomes}"
}

#Force fields

@Article {A94-ja00124a002,
  author = "Cornell, W.~D. and Cieplak, P. and Bayly, C.~I. and Gould, I.~R. and Merz, K.~M. and Ferguson, D.~M. and Spellmeyer, D.~C. and Fox, T. and Caldwell, J.~W. and Kollman, P.~A.",
  journal = "\jacs",
  volume = 117,
  number = 19,
  pages = "5179-5197",
  year = 1995,
  doi = "10.1021/ja00124a002"
}

@Article {A99-1096-987,
  author = "Wang, J. and Cieplak, P. and Kollman, P.~A.",
  journal = "\jcc",
  volume = 21,
  number = 12,
  pages = "1049-1074",
  doi = "https://doi.org/10.1002/1096-987X(200009)21:12<1049::AID-JCC3>3.0.CO;2-F"
}

@Article{ compass-jp980939v,
  author = "Sun, H.",
  journal = "\jpcb",
  volume = 102,
  number = 38,
  pages = "7338-7364",
  year = 1998,
  doi = "10.1021/jp980939v"
}

@article{ pcff-ja00086a030,
  author = "Sun, H. and Mumby, S.~J. and Maple, J.~R. and Hagler, A.~T.",
  journal = "\jacs",
  volume = 116,
  number = 7,
  pages = "2978-2987",
  year = 1994,
  doi = "10.1021/ja00086a030"
}

@Article{ cff91-pnas.85.15.5350,
  author = "Maple, J.~R. and Dinur, U. and Hagler, A.~T.",
  journal = "\procnas",
  volume = 85,
  number = 15,
  pages = "5350-5354",
  year = 1988,
  doi = "10.1073/pnas.85.15.5350"
}

@Article{ cvff-ja00512a002,
  author = "Hagler, A.~T. and Lifson, S. and Dauber, P.",
  journal = "\jacs",
  volume = 101,
  number = 18,
  pages = "5122-5130",
  year = 1979,
  doi = "10.1021/ja00512a002"
}

@Article {CVFF-prot.340040106,
  author = "Dauber-Osguthorpe, P. and Roberts, V.~A. and Osguthorpe, D.~J. and Wolff, J. and Genest, M. and Hagler, A.~T.",
  journal = "Proteins: Structure, Function, and Bioinformatics",
  volume = 4,
  number = 1,
  pages = "31-47",
  doi = "https://doi.org/10.1002/prot.340040106"
}

@Article {22P-jp973084f,
  author = "MacKerell, A.~D. and Bashford, D. and Bellott, M. and Dunbrack, R.~L. and Evanseck, J.~D. and Field, M.~J. and Fischer, S. and Gao, J. and Guo, H. and Ha, S. and Joseph-McCarthy, D. and Kuchnir, L. and Kuczera, K. and Lau, F.~T.~K. and Mattos, C. and Michnick, S. and Ngo, T. and Nguyen, D.~T. and Prodhom, B. and Reiher, W.~E. and Roux, B. and Schlenkrich, M. and Smith, J.~C. and Stote, R. and Straub, J. and Watanabe, M. and Wiórkiewicz-Kuczera, J. and Yin, D. and Karplus, M.",
  journal = "\jpcb",
  volume = 102,
  number = 18,
  pages = "3586-3616",
  year = 1998,
  doi = "10.1021/jp973084f"
}

@Article {22P-jcc.20065,
  author = "Mackerell, A.~D. and Feig, M. and Brooks III, C.~L.",
  journal = "\jcc",
  volume = 25,
  number = 11,
  pages = "1400-1415",
  doi = "https://doi.org/10.1002/jcc.20065"
}

@Article {SI-jp055341j,
  author = "Lopes, P.~E. M. and Murashov, V. and Tazi, M. and Demchuk, E. and MacKerell, A.~D.",
  journal = "\jpcb",
  volume = 110,
  number = 6,
  pages = "2782-2792",
  year = 2006,
  doi = "10.1021/jp055341j"
}

@Article {36C-ct200328p,
  author = "Guvench, O. and Mallajosyula, S.~S. and Raman, E.~P. and Hatcher, E. and Vanommeslaeghe, K. and Foster, T.~J. and Jamison, F.~W. and MacKerell, A.~D.",
  journal = "\jctc",
  volume = 7,
  number = 10,
  pages = "3162-3180",
  year = 2011,
  doi = "10.1021/ct200328p"
}

@Article {36C-ct200792v,
  author = "Mallajosyula, S.~S. and Guvench, O. and Hatcher, E. and MacKerell, A.~D.",
  journal = "\jctc",
  volume = 8,
  number = 2,
  pages = "759-776",
  year = 2012,
  doi = "10.1021/ct200792v"
}

@Article {36C-jp105758h,
  author = "Raman, E.~P. and Guvench, O. and MacKerell, A.~D.",
  journal = "\jpcb",
  volume = 114,
  number = 40,
  pages = "12981-12994",
  year = 2010,
  doi = "10.1021/jp105758h"
}

@Article {36C-ct900242e,
  author = "Guvench, O. and Hatcher, E. and Venable, R.~M. and Pastor, R.~W. and MacKerell, A.~D.",
  journal = "\jctc",
  volume = 5,
  number = 9,
  pages = "2353-2370",
  year = 2009,
  doi = "10.1021/ct900242e"
}

@Article {36G-jcc.21367,
  author = "Vanommeslaeghe, K. and Hatcher, E. and Acharya, C. and Kundu, S. and Zhong, S. and Shim, J. and Darian, E. and Guvench, O. and Lopes, P. and Vorobyov, I. and Mackerell Jr., A. D.",
  journal = "\jcc",
  volume = 31,
  number = 4,
  pages = "671-690",
  doi = "https://doi.org/10.1002/jcc.21367"
}

@Article {36G-ci300363c,
  author = "Vanommeslaeghe, K. and MacKerell, A.~D.",
  journal = "\jcim",
  volume = 52,
  number = 12,
  pages = "3144-3154",
  year = 2012,
  doi = "10.1021/ci300363c"
}

@Article {36G-ci3003649,
  author = "Vanommeslaeghe, K. and Raman, E. Prabhu and MacKerell, A. D.",
  journal = "\jcim",
  volume = 52,
  number = 12,
  pages = "3155-3168",
  year = 2012,
  doi = "10.1021/ci3003649"
}

@Article {36G-jcc.23067,
  author = "Yu, W. and He, X. and Vanommeslaeghe, K. and MacKerell, A.~D.",
  journal = "\jcc",
  volume = 33,
  number = 31,
  pages = "2451-2468",
  doi = "https://doi.org/10.1002/jcc.23067"
}

@Article {36G-20164812,
  author = "Soteras Gutiérrez, I. and Lin F.~Y. and Vanommeslaeghe, K. and Lemkul, J.~A. and Armacost K.~A. and Brooks C.~L. and MacKerell, A.~D.",
  journal = "Bioorg. Med. Chem.",
  volume = 24,
  number = 20,
  pages = "4812-4825",
  year = 2016,
  doi = "https://doi.org/10.1016/j.bmc.2016.06.034"
}

@Article {36L-jp101759q,
  author = "Klauda, J.~B. and Venable, R.~M. and Freites, J.~A. and O’Connor, J.~W. and Tobias, D.~J. and Mondragon-Ramirez, C. and Vorobyov, I. and MacKerell, A.~D. and Pastor, R.~W.",
  journal = "\jpcb",
  volume = 114,
  number = 23,
  pages = "7830-7843",
  year = 2010,
  doi = "10.1021/jp101759q"
}

@Article {36N-ct200723y,
  author = "Hart, K. and Foloppe, N. and Baker, C.~M. and Denning, E.~J. and Nilsson, L. and MacKerell, A.~D.",
  journal = "\jctc",
  volume = 8,
  number = 1,
  pages = "348-362",
  year = 2012,
  doi = "10.1021/ct200723y"
}

@Article {36N-jcc.21777,
  author = "Denning, E.~J. and Priyakumar, U.~D. and Nilsson, L. and Mackerell, A.~D.",
  journal = "\jcc",
  volume = 32,
  number = 9,
  pages = "1929-1943",
  doi = "https://doi.org/10.1002/jcc.21777"
}

@Article {36P-ct300400x,
  author = "Best, R.~B. and Zhu, X. and Shim, J. and Lopes, P.~E. M. and Mittal, J. and Feig, M. and MacKerell, A.~D.",
  journal = "\jctc",
  volume = 8,
  number = 9,
  pages = "3257-3273",
  year = 2012,
  doi = "10.1021/ct300400x"
}

@Article {36MP-nmeth.4067,
  author = "Huang, J. and Rauscher, S. and Nawrocki, G. and Ran, T. and Feig, M. and de Groot, B.~L. and Grubmüller, H. and MacKerell, A.~D.", 
  journal = "Nat. Methods", 
  volume = 14,
  pages = "71-73",
  year = 2017,
  doi = "10.1038/nmeth.406"
}

@Article {oplsaap-acs.jctc.5b00356,
  author = "Robertson, M.~J. and Tirado-Rives, J. and Jorgensen, W.~L.",
  journal = "\jctc",
  volume = 11,
  number = 7,
  pages = "3499-3509",
  year = 2015,
  doi = "10.1021/acs.jctc.5b00356"
}

@Article {oplsaar-acs.jctc.9b00054,
  author = "Robertson, M.~J. and Qian, Y. and Robinson, M.~C. and Tirado-Rives, J. and Jorgensen, W.~L.",
  journal = "\jctc",
  volume = 15,
  number = 4,
  pages = "2734-2742",
  year = 2019,
  doi = "10.1021/acs.jctc.9b00054"
}

@MISC{ shift,
  author = "The Shift Project",
  title = "\href{https://theshiftproject.org/article/deployer-la-sobriete-numerique-rapport-shift/}{Déployer la sobriété numérique}",
  year = 2020,
%  howpublished = "\url{https://theshiftproject.org/article/deployer-la-sobriete-numerique-rapport-shift/}"
}
